4132 6380
287 380 400 440 641

1318 379 1713 442 APOLOGIA
1762 381 1867 441 AD
1912 379 2472 447 CONSTAN'I‘IUM
2517 383 2680 446 1MP.

3579 393 3701 452 642

293 509 427 578 αὕτη
461 509 564 584 γάρ
597 525 695 581 μοι
724 508 889 562 πάλιν
947 507 1216 585 πρόφασις
1257 511 1450 584 γέγονε
1495 516 1596 579 τῆς
1644 511 1940 586 ἀναχωρή-

2075 513 2310 584 lignatio
2339 517 2560 572 Domini
2589 517 2650 570 99.
2685 517 2754 571 Et
2785 516 2904 572 haec
2937 516 3082 572 mihi
3132 534 3364 592 quoque
3395 521 3706 578 secedendi

289 620 447 670 σεως,
506 595 889 674 θεοφιλέστατε
937 592 1238 672 Αὕγουστε,
1271 598 1361 653 καὶ
1418 599 1480 653 οὐ
1537 601 1940 673 παρῃτησάμην

291 683 416 742 οὗτε
445 687 521 749 εἷς
551 689 649 756 τήν
681 681 886 761 ἔρημον
942 685 1218 754 ἀπελθεῖν,
1247 684 1390 757 οὔτε,
1427 687 1471 742 εἷ
1505 687 1711 762 ἀνάγκη
1767 688 1946 762 γένοι-

288 796 374 847 το,
407 773 498 830 διὰ
545 776 818 850 σαργάνης
868 774 972 829 ἀπὸ
1150 775 1369 852 τείχους
1401 774 1765 851 χαλασθῆναι.
1803 776 1943 830 Πάν-

290 885 358 918 τα
409 866 511 939 γάρ
573 865 856 936 ὑπέμεινα,
887 863 976 917 καὶ
1033 863 1248 939 Θηρίοις
1306 866 1612 937 συνῴκησα,
1657 866 1746 919 καὶ
1807 866 1947 938 ὑμᾶς

293 951 620 1028 περιελθεῖν,
654 950 1016 1027 ἐκδεχόμενος
1071 952 1276 1008 τούτων
1336 959 1442 1008 τῶν
1501 953 1682 1029 λόγων
1737 954 1944 1027 καιρὸν,

291 1043 382 1096 καὶ
413 1041 646 1118 θαρῥῶν,
681 1041 763 1096 ὅτι
795 1044 850 1096 οἱ
888 1042 980 1114 μὲν
1017 1037 1406 1104 διαϐάλλοντες
1463 1045 1946 1118 καταγνωσθήσον-

293 1153 405 1200 ται,
439 1134 473 1201 ἡ
527 1129 584 1185 δὲ
641 1133 706 1199 σὴ
769 1131 1148 1208 φιλανθρωπία
1199 1129 1661 1206 δειχθήσεται.ᾯ
1723 1133 1950 1208 μακάριε

291 1221 383 1275 καὶ
440 1218 818 1298 θεοφιλέστατε
876 1217 1171 1294 Δῦγουστε,
1204 1220 1257 1274 τί
1313 1217 1592 1288 ἐϐούλου;
1646 1219 1819 1274 ἐλθεῖν
1884 1241 1950 1292 με

297 1307 743 1386 φλεγμαινόκτων
774 1307 864 1362 καὶ
895 1307 1200 1377 ζητούντων
1255 1309 1567 1363 ἀποκτεῖναι
1621 1313 1730 1362 τῶν
1789 1329 1948 1362 συκο-

297 1397 638 1476 φαντούντων
698 1398 869 1470 ἡμᾶς,
900 1396 935 1465 ἢ
969 1397 1104 1451 κατά
1159 1397 1222 1451 τὸ
1278 1399 1686 1473 γεγραμμένον,
1721 1398 1950 1472 ἀπεκρυ-

297 1482 459 1557 ϐῆναι
515 1485 729 1561 μικρὸν,
757 1483 851 1540 ’ίνα
901 1485 952 1540 ἐν
1003 1489 1084 1557 τῷ
1127 1485 1376 1558 τοσούτῳ
1408 1483 1736 1558 διαστήματι
1767 1485 1820 1538 οἱ
1857 1485 1950 1558 μὲν

297 1577 624 1654 συκοφάνται
669 1576 1120 1648 καταγνωσθῶσιν
1168 1575 1452 1648 αἱρετικοὶ,
1484 1577 1519 1644 ἡ
1554 1571 1612 1628 δὲ
1654 1575 1720 1642 σὴ
1754 1571 1948 1652 φιλαν-

295 1665 509 1742 θρωπία
558 1661 941 1739 δειχθήσεταις
975 1663 1036 1716 Τί
1087 1660 1163 1730 δὲ,
1198 1661 1242 1716 ὦ
1295 1661 1539 1737 βασιλεῦ,
1589 1656 1822 1717 ἐϐούλου
1885 1683 1950 1736 με

295 1755 522 1832 ὀφθῆναι
572 1758 692 1815 τοῖς
723 1757 837 1814 σοῖς
880 1749 1156 1814 δικασταῖς
1187 1755 1322 1824 (36),
1349 1750 1457 1822 ἵνα,
1488 1751 1532 1806 εί
1591 1753 1681 1806 καὶ
1738 1750 1801 1806 σὺ
1853 1751 1948 1825 μέ-

297 1862 394 1919 χρι
430 1842 600 1916 μόνης
635 1839 867 1910 ἀπειλῆς
903 1838 1160 1915 ἔγραψας,
1196 1839 1392 1894 ἐκεῖνοι
1428 1842 1502 1913 μή
1556 1845 1801 1903 νοοῦντες
1850 1841 1950 1910 τήν

298 1933 396 2000 σὴν
431 1929 692 1999 διάνοιαν,
727 1928 947 2005 ἔχοντες
1007 1927 1064 1983 δὲ
1110 1929 1239 1990 τοὺς
1272 1929 1578 2005 Ἀρειανοὺς
1626 1927 1950 2006 παροξύνον-

295 2040 389 2082 τας
422 2018 638 2089 αὐτοὺς,
673 2017 733 2072 ἐκ
761 2022 868 2072 τῶν
914 2038 1009 2072 σου
1057 2019 1398 2092 γραμμάτων
1443 2018 1826 2088 ἀποκτείνωσι,
1857 2019 1948 2073 καὶ

299 2109 375 2178 είς
425 2107 482 2162 σὲ
527 2108 618 2161 τὸν
664 2101 822 2184 φόνον
872 2106 1171 2161 ἀναθῶνται
1225 2104 1313 2162 διά
1356 2109 1424 2163 τά
1470 2109 1808 2183 γράμματας
1841 2107 1950 2162 Οὐκ

301 2192 524 2274 ἔπρεπεν
557 2193 680 2251 οὔτε
711 2195 808 2269 ἐμὲ
839 2193 1191 2268 αὐτομολεῖν,
1222 2195 1310 2250 καὶ
1344 2195 1420 2258 εἰς
1461 2194 1664 2270 α’ίματα
1717 2194 1948 2270 ἐμαυτδν

301 2281 620 2341 ἀποδιδόναι
677 2286 810 2358 (37),
844 2280 967 2339 οὔτε
1004 2305 1062 2338 σε
1119 2282 1474 2362 φιλόχριστον
1537 2280 1666 2340 ὅντα
1727 2282 1952 2360 βασιλέα

302 2374 390 2430 ἐπὶ
449 2374 630 2450 φόνοις
686 2377 1039 2447 Χριστιανῶν,
1070 2374 1160 2428 καὶ
1221 2378 1388 2428 ταῦτα
1444 2373 1774 2445 ἐπισκόπων,
1833 2373 1948 2428 ἐπι-

301 2463 617 2541 γράφεσθαι.

371 2554 460 2610 35.
493 2550 696 2606 Οὐκοῦν
733 2549 948 2628 βέλτιον
1003 2551 1199 2626 γέγονε
1242 2552 1306 2606 τὸ
1358 2546 1646 2627 κρυϐῆναι,
1680 2552 1769 2606 καὶ
1826 2555 1954 2606 τοῦ·

302 2662 393 2695 τον
458 2637 760 2711 ἐκδέξασθαι
790 2641 881 2694 τὸν
911 2639 1120 2714 καιρόν.
1154 2640 1254 2694 Ναὶ
1286 2642 1399 2714 (38)
1429 2637 1573 2708 οἶδα,
1605 2639 1688 2694 ὅτι
1742 2639 1831 2694 καὶ
1892 2639 1956 2694 σὺ

305 2729 588 2805 γινώσκων
642 2730 737 2791 τὰς
797 2728 942 2790 θείας
977 2729 1210 2806 Γραφάς,
1247 2726 1529 2798 ἐπινεύεις,
1562 2727 1652 2782 καὶ
1711 2725 1957 2802 ἀποδέχῃ

309 2839 376 2892 με
429 2822 592 2872 τοῦτο
648 2817 938 2890 πράξαντα.
1001 2813 1137 2870 Ἰδοὺ
1191 2821 1347 2891 γοῦν,
1389 2821 1497 2870 τῶν
1549 2815 1958 2891 παροξυνόντων

301 2907 685 2980 πεπαυμένων,
715 2906 950 2984 πέφηνεν
989 2907 1024 2975 ἡ
1077 2907 1143 2974 σή
1197 2899 1455 2974 θεοσεϐὴς
1515 2904 1838 2977 ἀνεξικακία,
1868 2904 1957 2958 καὶ

305 2993 572 3051 δέδεικται
601 3000 784 3064 πᾶσιν,
817 2994 899 3050 ὅτι
937 2992 1078 3068 μηδέ
1108 2995 1206 3062 τὴν
1242 2995 1419 3070 ἀρχὴν
1451 2991 1672 3055 ἐδίωκες
1721 2993 1784 3047 σὺ
1831 2991 1956 3054 τοὺς

310 3083 661 3161 Χριστιανοὺς
688 3101 699 3114 ·
736 3081 862 3138 ἀλλ’
893 3083 1086 3137 ἐκεῖνοι
1119 3083 1253 3151 ἦσαν
1287 3083 1338 3136 οἱ
1365 3083 1461 3143 τὰς
1494 3079 1787 3151 ἐκκλησίας
1839 3079 1962 3156 ἐρη-

318 3176 616 3247 μώσαντες,
652 3170 744 3226 τίνα
788 3175 887 3241 τὴν
944 3169 1081 3226 ἰδίαν
1135 3166 1375 3226 ἀσέϐειαν
1427 3169 1778 3244 ἐπισπείρωσι
1825 3189 1957 3224 παν-

2061 603 2286 659 occasio
2319 604 2446 666 fuit,
2482 604 2924 676 religiosissime
2952 608 3235 678 Auguste,
3269 625 3373 663 nec
3405 609 3594 680 piguit
3616 627 3708 666 me

2057 690 2145 745 vel
2179 691 2234 744 in
2268 692 2564 747 desertum
2599 693 2910 764 proﬁcisci,
2959 693 3046 750 vel
3095 694 3142 749 si
3194 711 3340 768 opus
3389 697 3620 765 fuisset,
3647 699 3709 754 in

2060 784 2256 849 sporta
2280 796 2313 834 a
2344 781 2638 837 mcenibus
2669 781 2897 836 demitti
2931 784 2971 837 ¹.
3005 782 3216 839 Omnia
3247 785 3404 840 enim
3428 786 3708 857 sustinui,

2059 872 2116 922 et
2137 884 2272 922 cum
2298 869 2433 924 l‘eris
2457 869 2738 937 habitavi,
2759 871 2942 926 donec
2961 888 3064 927 vos
3086 873 3549 943 pertransiretis:
3570 891 3708 930 nam

2059 962 2459 1027 opportunum
2508 963 2743 1030 tempus
2775 961 3206 1030 exspectabam,
3238 978 3353 1033 quo
3385 961 3508 1018 haec
3535 965 3710 1020 verba

2060 1045 2246 1101 facere
2275 1046 2498 1118 liceret,
2554 1049 3036 1121 conlidebamque
3084 1050 3538 1108 calumniatores
3569 1069 3707 1108 con-

2058 1135 2373 1191 vincendos
2404 1153 2552 1206 esse,
2589 1138 3076 1210 manifestamque
3111 1141 3227 1194 fore
3249 1145 3410 1195 tuam
3438 1141 3708 1197 humani-

2059 1229 2261 1279 tatem.
2295 1225 2338 1279 Ο
2372 1225 2536 1280 beate
2573 1243 2637 1280 ac
2674 1228 2788 1282 Deo
2835 1226 3212 1284 dilectissime
3251 1231 3530 1302 Auguste,
3563 1231 3705 1302 quid

2059 1312 2372 1369 maluisses
2393 1314 2420 1368 ?
2451 1330 2619 1370 mene
2646 1315 2714 1369 ad
2750 1320 2806 1370 te
2855 1317 3126 1371 accedere
3175 1318 3518 1374 ardentibus
3549 1335 3710 1392 syco-

2059 1401 2295 1473 phantis
2328 1402 2494 1471 meis,
2527 1419 2594 1458 ac
2625 1420 2719 1459 me
2749 1403 3010 1460 occidere
3040 1406 3459 1478 quaerentibus,
3493 1424 3588 1474 an,
3623 1407 3710 1463 uti

2060 1491 2342 1562 scriptum
2368 1495 2479 1559 est,
2503 1508 2596 1547 me
2630 1491 2920 1564 tantisper
2939 1492 3240 1560 abscondi,
3273 1497 3340 1548 ut
3359 1494 3592 1551 interim
3615 1513 3709 1570 sy-

2059 1577 2361 1649 cophanta:
2394 1579 2634 1650 quidem
2675 1579 2929 1635 haeretici
2976 1581 3570 1652 deprehenderentur,
3600 1584 3712 1640 hu-

2061 1668 2313 1722 manitas
2339 1684 2470 1723 vero
2496 1674 2594 1723 tua
2621 1668 3015 1725 innotesceret
3035 1668 3064 1724 ‘I
3084 1674 3237 1725 Num
3261 1671 3517 1744 voluisti,
3546 1688 3578 1726 o
3601 1671 3710 1727 im-

2059 1760 2311 1828 perator,
2347 1761 2412 1810 ut
2445 1756 2564 1812 tuis
2597 1773 2688 1812 me
2707 1757 3012 1828 judicibus
3063 1757 3355 1826 sisterem,
3389 1765 3456 1815 ut
3483 1759 3618 1816 licet
3646 1763 3710 1816 tu

2062 1843 2508 1899 comminatorie
2535 1848 2764 1900 tantum
2797 1845 3123 1916 scripseris,
3160 1844 3241 1900 illi
3263 1850 3458 1902 tamen
3481 1851 3714 1903 senten-

2058 1931 2150 1986 tia;
2183 1937 2296 1988 tuae
2331 1932 2540 2004 ignari,
2575 1938 2631 1988 et
2677 1934 2749 1988 ab
2798 1934 3028 1989 Arianis
3079 1935 3374 2003 concitati,
3405 1953 3474 1991 ex
3504 1936 3712 1993 litteris

2056 2020 2177 2076 tuis
2209 2036 2301 2076 me
2337 2021 2745 2089 interficerent,
2779 2021 3280 2096 homicidiumque
3308 2023 3454 2080 illud
3485 2025 3590 2081 tibi
3639 2026 3712 2083 ob

2060 2109 2287 2165 litteras
2312 2109 2446 2164 data
2467 2111 2872 2181 imputarent?
2912 2111 3035 2167 Non
3075 2112 3271 2168 decuit
3304 2119 3476 2182 certe,
3498 2113 3586 2170 vel
3619 2129 3714 2170 me

2061 2203 2270 2272 sponte
2302 2198 2433 2254 illos
2465 2199 2646 2270 adire,
2679 2205 2736 2254 et
2764 2200 2834 2255 ad
2887 2216 3086 2256 necem
3141 2203 3558 2275 memetipsum
3591 2207 3714 2259 tra-

2062 2287 2198 2344 dere
2225 2305 2237 2342 :
2265 2286 2350 2342 vel
2374 2287 2475 2342 tibi
2501 2287 2730 2344 Christo
2780 2289 2985 2344 devoto
3031 2289 3391 2361 imperatori,
3433 2290 3714 2348 Christia-

2063 2392 2295 2444 norum,
2336 2377 2661 2448 praesertim
2693 2377 3123 2450 episcoporum,
3155 2379 3339 2434 cedes
3369 2376 3604 2436 ascribi.

2136 2555 2223 2609 35.
2261 2554 2459 2610 Satius
2491 2553 2688 2626 itaque
2715 2554 2824 2610 fuit
2857 2558 2922 2610 ut
2952 2571 3044 2611 me
3073 2555 3448 2625 occultarem,
3481 2561 3537 2612 et
3563 2556 3716 2613 hanc

2064 2643 2350 2715 temporis
2383 2644 2878 2714 opportunitatem
2929 2650 3345 2716 exspectarem.
3388 2645 3553 2702 Certe
3583 2647 3717 2702 novi

2067 2737 2144 2800 te,
2177 2732 2505 2788 divinarum
2568 2733 3002 2806 Scripturarum
3053 2732 3272 2805 peritus
3302 2750 3436 2790 cum
3477 2735 3580 2804 sis,
3614 2753 3717 2791 an-

2067 2838 2266 2887 nuere,
2289 2821 2628 2892 factumque
2655 2838 2850 2876 meum
2891 2822 3154 2892 probare.
3180 2822 3326 2878 Nam
3366 2823 3509 2878 viris
3529 2823 3630 2896 qui
3659 2828 3718 2879 te

2069 2910 2440 2965 concitabant
2494 2910 2936 2977 desistentibus,
2993 2911 3264 2982 apparuit
3315 2911 3586 2984 religiosa
3615 2917 3716 2968 tua

2069 2997 2410 3053 clementia:
2436 2998 2827 3070 omnibusque
2849 3005 3054 3054 notum
3079 2999 3205 3068 fuit,
3229 3004 3284 3054 te
3301 3015 3372 3054 ne
3394 3005 3565 3055 antea
3591 3002 3718 3071 qui-

2070 3087 2203 3141 dem
2231 3086 2593 3141 Christianos
2627 3091 2997 3156 persecutum
3027 3086 3230 3152 fuisse,
3263 3088 3360 3141 sed
3396 3087 3526 3142 illos
3557 3088 3717 3159 ipsos

2071 3175 2361 3231 Ecclesiae
2393 3175 2746 3242 devastasse,
2783 3181 2846 3230 ut
2894 3191 3063 3230 suam
3113 3175 3472 3246 impietatem
3503 3175 3720 3247 ubique

307 3267 507 3338 ταχοῦ,
539 3259 607 3316 δι’
731 3261 821 3316 καὶ
852 3264 1038 3334 ἡμεῖς,
1074 3259 1118 3314 εἰ
1156 3262 1228 3330 μὴ
1271 3261 1408 3332 ἦμεν
1469 3259 1750 3337 φυγόντες,
1786 3255 1954 3312 πάλαι

2075 3264 2529 3320 disseminarent
2549 3283 2558 3318 :
2577 3264 2746 3333 cujus
2761 3281 2939 3319 causa
2951 3263 3125 3319 etiam
3143 3281 3248 3318 nos
3263 3263 3374 3318 nisi
3399 3263 3722 3336 aufugisse-

308 3349 366 3406 ἄν
401 3346 871 3422 ἐπεϐουλεύθημεν
903 3351 1030 3426 παρ’
1061 3349 1254 3405 αὐτῶν.
1287 3349 1350 3401 0i
1381 3349 1484 3424 γὰρ
1532 3346 1784 3410 τοιαύτας
1844 3343 1954 3401 δια-

309 3435 478 3502 ϐολάς
511 3439 676 3494 εἰπεῖν
707 3446 824 3494 κατ’
859 3437 994 3512 ἐμοῦ
1029 3440 1103 3511 μὴ
1136 3435 1604 3511 παραιτησάμενοι
1651 3437 1798 3512 παρά
1852 3457 1952 3504 τη-

313 3526 552 3600 λικούτῳ
607 3526 933 3603 Αὐγούστῳ,
963 3527 1015 3582 οἱ
1066 3531 1288 3581 τοιαῦτα
1342 3527 1459 3580 κατ’
1505 3525 1809 3580 ἐπισκόπων
1867 3522 1956 3578 καί

308 3619 584 3693 παρθένων
615 3616 1082 3693 ἐπιχειρήσαντες,
1113 3612 1345 3686 εὔδηλον
1377 3616 1453 3678 ὡς
1501 3615 1590 3670 καὶ
1647 3614 1739 3669 τὸν
1797 3616 1956 3687 ἡμῶν

310 3709 534 3764 θάνατον
593 3705 867 3780 ἐθήρευον.
922 3702 1100 3759 Ἀλλά
1153 3706 1318 3780 χάρις
1372 3708 1452 3776 τῷ
1508 3703 1691 3779 Κυρίῳ
1735 3707 1814 3776 τῷ
1857 3704 1958 3772 τήν

319 3793 594 3872 βασιλεὶαν
626 3815 711 3850 σοι
745 3791 1005 3849 δεδωκότι
1031 3813 1043 3825 ο
1095 3795 1292 3855 πάντες
1323 3794 1426 3868 γὰρ
1455 3793 1818 3848 ἐπιστώσαντο
1866 3812 1960 3846 πε-

323 3884 374 3959 ρί
403 3905 462 3939 τε
487 3891 586 3953 τῆς
622 3889 722 3952 σῆς
771 3881 1173 3961 φιλανθρωπίας
1229 3881 1318 3936 καὶ
1373 3889 1474 3952 τῆς
1532 3881 1747 3937 ἐκείνων
1791 3902 1964 3950 πονη-

323 3972 461 4049 ρίας,
494 3973 559 4040 ἧς
584 3968 741 4026 ἕνεκα
769 3973 858 4026 καὶ
888 3973 1021 4026 κατά
1048 3973 1147 4040 τήν
1179 3973 1355 4049 ἀρχὴν
1410 3971 1628 4049 ἔφυγον,
1655 3970 1748 4026 ’ίνα
1801 3975 1968 4026 ταῦτα

323 4060 432 4135 ἐγὼ
467 4061 560 4135 μέν
591 4082 675 4116 τοι
709 4062 823 4135 (39)
851 4063 1254 4139 προσφωνήσω,
1287 4061 1348 4115 σὺ
1383 4058 1440 4115 δὲ
1471 4061 1626 4136 εὕρῃς
1665 4061 1785 4115 τίνα
1839 4058 1965 4136 φιλ-

323 4147 691 4223 ανθρωπεύσῃ.
745 4146 1053 4225 Παρακαλῶ
1107 4148 1308 4220 τοίνυν,
1368 4147 1554 4219 ἐπειδὴ
1614 4151 1704 4204 καὶ
1772 4150 1971 4225 γέγρα-

324 4259 486 4294 πταιο
559 4238 875 4313 Ἀπόκρισις
982 4237 1358 4293 ὑποπίπτουσα
1461 4239 1779 4317 ἀποστρέφει
1887 4237 1974 4312 ὀρ-

326 4330 429 4404 γήν
464 4347 476 4360 ·
535 4325 866 4396 καί,Δεκτοὶ
929 4326 1144 4402 βασιλεῖ
1201 4325 1461 4402 λογισμοὶ
1522 4324 1720 4382 δίκαιοι
1755 4348 1766 4359 '
1827 4324 1975 4397 δεξά-

334 4438 496 4491 μενος
523 4416 613 4471 καὶ
639 4415 840 4486 ταύτην
868 4419 966 4486 τήν
1000 4415 1328 4491 ἀπολογίαν,
1363 4414 1562 4478 ἀπόδος
1593 4421 1713 4478 ταῖς
1759 4415 1978 4490 πατρίσι

330 4506 420 4562 καὶ
451 4511 572 4568 ταῖς
605 4503 952 4574 Ἐκκλησίαις
994 4507 1192 4568 πάντας
1224 4504 1349 4568 τοὺς
1383 4503 1707 4566 ἐπισκόπους
1738 4503 1980 4566 καὶτοὺς

337 4594 545 4657 ἄλλους
575 4592 1010 4670 κληρικοὺς,⁹ίνα
1037 4599 1144 4650 τῶν
1183 4595 1276 4668 μὲν
1310 4589 1716 4649 διαϐαλλόντων
1749 4596 1784 4662 ἡ
1817 4613 1985 4664 πονη-

337 4683 426 4756 ρία
474 4681 690 4760 δειχθῇ,
733 4683 796 4738 σὺ
857 4681 912 4738 δὲ
967 4685 1058 4738 καὶ
1110 4688 1200 4738 νῦν
1254 4683 1344 4737 καὶ
1403 4681 1454 4737 ἐν
1515 4683 1698 4759 ἡμέρᾳ
1755 4682 1985 4758 κρίσεως

341 4771 474 4850 ἔχῃς
501 4772 806 4850 παρρησίαν
840 4771 1006 4828 εἷ’πεῖν
1038 4777 1118 4845 τῷ
1167 4772 1352 4849 Κυρίῳ
1405 4772 1496 4826 καὶ
1555 4778 1774 4846 Σωτῆρι
1829 4773 1989 4844 ἡμῶν

339 4863 429 4918 καὶ
505 4857 846 4935 παμϐασιλεῖ
919 4863 1098 4930 Ἰησοῦ
1154 4865 1405 4935 Χριστῷ’
1468 4858 1670 4916 Οὐδένα
1718 4864 1826 4914 τῶν
1885 4864 1992 4915 σῶν

345 4949 641 5006 ἀπώλεσα’
677 4948 801 5006 ἀλλ’
833 4951 886 5006 o't
937 4951 1030 5025 μέν
1092 4945 1571 5012 ἐπιϐουλεύσαντες
1625 4954 1784 5004 πᾶσιν
1845 4948 1994 5004 οὗτοί

347 5040 478 5096 εἰσιν
509 5060 520 5072 ·
556 5039 666 5116 ἐγὼ
726 5037 784 5095 δέ
842 5038 930 5095 ἐπὶ
993 5040 1086 5114 μῖεν
1130 5044 1247 5102 τοῖς
1294 5037 1728 5109 τετελευτηκόσι,
1759 5039 1849 5092 καὶ
1877 5043 1994 5100 ταῖς

348 5129 640 5200 ξεσθείσαις
673 5129 982 5206 παρθένοις,
1008 5133 1125 5191 τοῖς
1179 5149 1239 5182 τε
1294 5125 1488 5190 ἄλλοις
1537 5133 1652 5190 τοῖς
1705 5128 1840 5182 κατὰ
1893 5131 2000 5181 τῶν

346 5221 684 5296 Χριστιανῶν
717 5219 1036 5293 γενομένοις
1066 5218 1339 5293 ἠχθέσθην
1367 5237 1379 5250 ·
1410 5215 1538 5279 τοὺς
1599 5214 1657 5271 δὲ
1706 5215 2002 5291 ἐξορισθέν-

340 5328 438 5370 τας
471 5306 816 5384 ἐπανήγαγον
843 5307 934 5362 καὶ
957 5304 1277 5362 ἀποδέδωκα
1295 5311 1414 5368 ταῖς
1440 5303 1603 5368 ἰδίαις
1627 5303 2000 5376 Ἐκκλησίαις.

2065 3369 2219 3420 mus,
2246 3351 2478 3423 jamdiu
2507 3369 2772 3408 essemus
2800 3351 3030 3407 insidiis
3077 3369 3282 3406 eorum
3314 3352 3719 3408 circumventi.

2065 3441 2172 3506 Qui
2190 3441 2344 3496 enim
2370 3441 2664 3512 ejusmodi
2690 3441 3020 3496 calumnias
3041 3441 3196 3512 apud
3219 3446 3447 3495 tantum
3469 3441 3726 3514 impera-

2068 3535 2251 3585 torem
2314 3529 2627 3584 adversum
2683 3546 2776 3584 me
2809 3530 3063 3600 proferre
3115 3545 3230 3584 non
3289 3529 3579 3596 dubitant,
3621 3529 3722 3600 qui

2067 3621 2187 3674 tam
2207 3617 2428 3672 nefaria
2451 3617 2728 3672 adversus
2746 3617 3054 3688 episcopos
3071 3622 3127 3672 et
3142 3617 3396 3688 virgines
3415 3617 3541 3673 ausi
3561 3623 3721 3687 sunt,

2068 3705 2226 3762 haud
2249 3704 2491 3760 dubium
2518 3706 2659 3776 quin
2697 3711 2958 3761 nostram
2981 3721 3208 3776 quoque
3255 3705 3602 3762 molirentur
3620 3721 3726 3764 ne-

2071 3811 2218 3850 cem.
2253 3795 2363 3850 Sed
2395 3795 2583 3866 gratia
2618 3795 2882 3858 Domino,
2916 3794 3015 3866 qui
3062 3794 3166 3849 tibi
3199 3795 3513 3866 imperium
3543 3796 3721 3851 tradi-

2073 3885 2180 3955 dit,
2215 3884 2367 3955 quod
2393 3899 2595 3938 omnes
2613 3883 2888 3939 certiores
2911 3883 3043 3938 facti
3070 3883 3206 3949 sint,
3245 3901 3379 3938 cum
3405 3884 3477 3939 de
3497 3888 3598 3939 tua
3619 3884 3722 3939 he-

2077 3972 2382 4044 nignitate,
2414 3977 2540 4027 tum
2571 3973 2642 4028 de
2673 3971 2908 4028 illorum
2940 3971 3184 4040 malitia,
3235 3974 3404 4042 cujus
3447 3990 3626 4030 causa
3655 3973 3728 4029 ab

2077 4061 2244 4116 initio
2274 4061 2470 4132 fugam
2507 4060 2637 4128 feci,
2668 4065 2732 4116 ut
2766 4061 2908 4116 mihi
2949 4066 3150 4133 postea
3191 4065 3247 4117 te
3277 4061 3610 4134 alloquendi
3647 4062 3732 4118 fa-

2081 4150 2272 4206 cultas
2292 4154 2466 4214 esset,
2492 4154 2673 4222 tuque
2695 4149 2986 4206 invenires
3007 4167 3181 4221 quem
3218 4150 3556 4207 humaniter
3580 4151 3730 4208 exci-

2084 4254 2270 4311 peres.
2300 4238 2548 4293 Obsecro
2581 4237 2777 4309 igitur,
2829 4242 2893 4292 ut
2937 4239 3414 4311 quandoquidem
3447 4239 3732 4311 scriptum

2086 4333 2211 4384 est:
2247 4328 2537 4398 Responsio
2567 4327 2798 4382 humilis
2847 4330 3046 4383 avertit
3104 4330 3257 4384 iram
3285 4330 3328 4394 ³,
3369 4333 3460 4383 et:
3498 4329 3736 4400 Acceptis

2087 4420 2212 4472 sunt
2242 4417 2364 4486 regi
2381 4419 2546 4488 justas
2577 4418 2928 4485 cogitationes
2957 4417 2998 4487 ³,
3032 4417 3182 4472 hanc
3230 4417 3509 4473 admittas
3539 4416 3738 4488 apolo-

2091 4507 2269 4578 giam,
2303 4521 2624 4576 omnesque
2655 4505 2958 4576 episcopos
2988 4509 3046 4560 et
3074 4505 3220 4560 alios
3269 4504 3510 4560 clericos
3542 4505 3739 4577 patrias

2016 4619 2062 4682 Ι)
2092 4601 2149 4651 et
2165 4593 2434 4650 Ecclesiis
2457 4593 2581 4649 suis
2600 4593 3477 4662 restituas,utcalumniatorum
3501 4594 3740 4665 quidem

2101 4682 2436 4755 malignitas
2465 4679 2656 4754 palam
2689 4682 2810 4747 ﬁat,
2840 4686 2903 4736 tu
2933 4698 3065 4736 vero
3091 4697 3244 4736 nunc
3266 4685 3324 4736 et
3344 4681 3628 4750 injudicii
3649 4681 3744 4738 die

2102 4787 2238 4827 cum
2271 4770 2482 4825 ﬁducia
2515 4771 2667 4826 253
2728 4770 2968 4825 Domino
3026 4774 3084 4825 et
3133 4769 3415 4824 Salvatori
3448 4774 3648 4825 nostro
3679 4786 3746 4826 ac

2105 4861 2368 4916 omnium
2403 4859 2523 4932 regi
2553 4859 2693 4914 Jesu
2723 4859 2949 4915 Christo
2980 4859 3100 4914 hinc
3149 4858 3309 4914 dicas
3336 4875 3348 4914 :
3384 4863 3504 4915 Non
3531 4858 3750 4930 perdidi

2105 4966 2174 5005 ex
2191 4949 2303 5005 tuis
2323 4964 2650 5020 quemquam
2671 4949 2693 4982 ⁴
2716 4966 2729 5016 ;
2753 4949 2850 5004 sed
2877 4948 2968 5003 isti
2993 4948 3267 5003 omnibus
3292 4947 3552 5003 insidiati
3573 4952 3749 5003 sunt:

2107 5057 2212 5112 ego
2244 5043 2439 5093 autem
2471 5039 2541 5092 de
2572 5037 2646 5093 iis
2677 5038 2776 5110 qui
2827 5036 3162 5108 interempti
3193 5041 3351 5104 sunt,
3385 5037 3456 5092 de
3484 5034 3754 5091 laceratis

2108 5127 2460 5199 virginibus,
2493 5126 2678 5197 deque
2710 5125 2841 5182 aliis
2881 5143 3008 5197 quae
3053 5125 3360 5181 adversum
3393 5124 3754 5180 Christianos

2111 5221 2275 5288 gesta
2294 5219 2456 5283 sunt,
2479 5215 2676 5270 dolore
2699 5231 2831 5271 sum
2863 5215 3104 5270 affectus
3128 5231 3142 5270 :
3166 5213 3367 5285 pulsos
3399 5213 3599 5270 reduxi
3620 5227 3753 5284 pro-

2115 5305 2376 5378 priisque
2405 5303 2678 5360 Ecclesiis
2707 5303 2956 5360 restitui.

420 5435 466 5471 9°
496 5435 797 5502 Isa.xxv1,
853 5434 945 5490 20.
1015 5435 1032 5468 ¹
1065 5435 1118 5489 II
1173 5436 1301 5489 Cor.
1361 5450 1441 5498 χι,
1500 5433 1588 5488 33.
1656 5432 1870 5488 Ῥι-ον.
1905 5447 1961 5488 ιη

2080 5473 2092 5486 .
2124 5431 2146 5466 ³
2177 5429 2342 5486 Prov.
2374 5446 2490 5498 xw,
2521 5428 2610 5481 35.
2645 5429 2668 5462 ὀ
2702 5428 2874 5484 Joan.
2904 5444 3069 5494 xvm,
3098 5428 3152 5482 9.

449 5631 540 5708 ξιξ)
574 5631 737 5708 Begu
768 5633 1009 5708 ’ςριεσρῖς
1040 5633 1334 5708 ριγασταῖςο

448 5532 560 5626 35)’
584 5558 782 5626 Basil.,
817 5554 926 5615 διά.

448 5560 519 5615 35
584 5560 782 5626 Basil.,
817 5560 926 5615 διά.

449 5632 520 5686 36
574 5631 737 5705 Reg.,
768 5633 1009 5705 τρισσοῖς
1040 5649 1091 5708 ρι

423 5560 546 5777 ίΒἹξ
575 5703 739 5777 Reg,
774 5697 1094 5759 ἐπιδιδόναι.

634 5829 898 5894 ΡΑιι-ιοι.
945 5830 1057 5894 Gn.
1102 5828 1294 5895 XXV.

2187 5555 2302 5625 (38)
2334 5551 2434 5627 gat
2465 5553 2629 5627 deest
2658 5553 2718 5609 in
2750 5553 2890 5627 Reg.

2193 5621 2308 5701 (39')
2342 5623 2512 5696 Editi,
2545 5626 2714 5679 ταῦτα
2744 5621 2864 5700 μὲν,
2889 5623 2991 5681 sed
3045 5621 3138 5700 μέν
3189 5621 3249 5679 in
3290 5621 3434 5698 Reg.
3491 5621 3769 5681 deletum.

3416 5822 3494 5884 2i
