4132 6374
331 395 448 456 645

1531 394 1926 459 APOLOGIA
1969 393 2070 454 DE
2115 394 2326 458 FUGA
2369 397 2550 461 SUA.

3617 408 3737 469 646

331 547 473 603 γιον,
504 526 593 582 τὸν
626 531 718 582 νῦν
762 525 813 582 ἐν
858 525 1168 599 Λαοδικείᾳ,
1215 526 1304 582 καὶ
1352 527 1479 591 τοὺς
1529 531 1618 584 σὺν
1670 529 1852 590 αὐτοῖς
1886 529 1974 582 Ἀ-

2095 528 2455 602 episcopum,
2485 535 2839 606 ceterosque
2886 534 3151 607 Arianos,
3197 536 3386 593 multa
3427 539 3737 595 adversum

333 615 572 688 ρειανοῦς
604 614 790 672 πολλᾶ
810 617 934 692 περὶ
967 615 1102 690 ἐμοῦ
1141 615 1510 692 θρυλλοῦντας
1543 621 1631 673 καὶ
1662 615 1981 694 λοιδοροῦν-

327 726 444 774 τας,
478 703 684 760 δειλίαν
718 727 776 761 τε
808 706 1201 782 ἐγκαλοῦντας,
1235 706 1318 762 ὅτι
1351 705 1441 778 δὴ,
1478 707 1812 781 ζητούμενος
1839 709 1984 761 ἀναι-

332 797 551 871 ρεθῆναι
624 797 750 872 παρ’
820 795 1014 866 αὐτῶν,
1077 796 1175 850 οὐκ
1231 793 1445 852 ἔκδοτον
1509 796 1739 870 ἐμαυτὸν
1799 796 1982 858 αὐτοῖς

330 887 706 960 προσήγαγον.
745 883 890 960 Πρὸς
925 885 1018 958 μὲν
1051 883 1142 940 οὖν
1171 887 1267 948 τὰς
1301 884 1582 963 λοιδορίας
1613 885 1704 941 καὶ
1749 887 1844 948 τὰς
1891 907 1982 940 συ-

326 975 620 1053 κοφαντίας
687 975 884 1046 αὐτῶν,
934 974 1110 1029 καίτοι
1157 972 1449 1049 δυνάμενος
1497 974 1683 1030 πολλᾶ
1737 976 1980 1053 γράφειν,

327 1063 360 1118 ἃ
399 1065 527 1137 μήτ’
559 1063 711 1119 αὐτοὶ
758 1065 1029 1140 ἀρνεῖσθαι
1059 1061 1330 1135 δύνανται,
1366 1063 1510 1120 ἀλλά
1557 1067 1646 1120 καὶ
1693 1068 1804 1138 (41)
1851 1066 1983 1120 πάν-

325 1173 412 1214 τες
463 1152 916 1228 ἐπιγινώσκουσιν
973 1154 1026 1207 o't
1081 1155 1197 1208 κατ’
1247 1153 1422 1209 αὐτῶν
1474 1153 1779 1221 ἀκούοντες,
1828 1153 1982 1227 ὅμως

328 1239 482 1296 οὐδὲν
530 1243 960 1318 προαχθήσομαι
1013 1240 1192 1318 λέγειν
1243 1245 1376 1318 πρὸς
1417 1243 1610 1306 αὐτοὺς
1642 1244 1677 1312 ἢ
1716 1242 1874 1316 μόνον
1919 1244 1981 1320 τὸ

322 1333 421 1385 τοῦ
448 1329 648 1406 Κυρίου
683 1329 854 1405 ῥῆμα,
885 1329 975 1384 καὶ
1019 1331 1080 1385 τὸ
1127 1335 1224 1386 τοῦ
1255 1336 1590 1389 Ἀποστολου
1633 1331 1815 1409 ῥητὸν,
1848 1329 1930 1389 ὅτι
1966 1351 1978 1364 ·

323 1419 394 1473 Τὸ
457 1419 550 1491 μὲν
620 1416 816 1492 ψεῦδος
876 1418 934 1474 ἐκ
995 1424 1092 1474 τοῦ
1165 1415 1427 1475 διαϐόλου
1484 1420 1640 1476 ἐστί·
1695 1419 1784 1474 καὶ
1843 1422 1977 1493 (42),

325 1503 460 1562 Οὔτε
519 1505 576 1562 δὲ
639 1505 888 1581 λοίδοροι
971 1506 1248 1582 βασιλείαν
1317 1514 1450 1565 Θεοῦ
1523 1507 1977 1584 κληρονομήσου-

325 1617 428 1654 σιν.
478 1597 664 1670 Ἀρκεῖ
718 1598 822 1672 γὰρ
872 1597 1066 1660 αὐτοὺς
1119 1597 1176 1652 ἐκ
1221 1599 1427 1653 τούτων
1478 1596 1758 1674 δειχθῆναι
1808 1594 1975 1671 μηδὲν

322 1686 458 1740 κατᾶ
503 1685 568 1741 τὸ
615 1684 953 1761 Εὐαγγέλιον
1023 1689 1162 1760 μήτε
1227 1692 1552 1764 φρονοῦντας
1617 1689 1754 1760 μήτε
1808 1689 1977 1760 πράτ-

321 1795 539 1843 τοντας,
565 1775 702 1830 κατᾶ
732 1772 790 1830 δὲ
816 1776 914 1838 τὰς
946 1773 1086 1838 ἰδίας
1130 1773 1331 1846 ἡδονὰς
1382 1775 1668 1849 οῗομὲνους
1706 1775 1839 1830 εἶναι
1887 1797 1980 1830 κα-

323 1860 442 1933 λὸν,
477 1863 608 1939 ὅπερ
642 1863 796 1918 αὐτοὶ
833 1864 1143 1935 βούλονται.

390 1956 445 2009 2.
478 1949 700 2021 Ἐπειδὴ
737 1950 794 2006 δὲ
821 1957 1245 2028 προσποιοῦνται
1298 1951 1501 2008 δειλίαν
1555 1951 1802 2029 ἐγκαλεῖν
1837 1955 1970 2027 (43),

321 2040 611 2115 ἀναγκαῖον
664 2038 829 2115 όλίγα
875 2041 1000 2118 περὶ
1047 2041 1244 2096 τούτου
1290 2043 1541 2117 γράψαι·
1593 2040 1974 2118 δειχθήσονται

319 2131 423 2206 γὰρ
473 2130 563 2184 καὶ
609 2127 669 2184 ἐκ
713 2129 908 2184 τούτου
957 2131 1190 2207 πονηροί
1242 2152 1300 2186 τε
1343 2132 1435 2186 τὸν
1478 2131 1700 2206 τρόπον,
1743 2131 1832 2186 καὶ
1895 2133 1969 2206 μή

321 2218 741 2294 ἐντετυχηκότες
809 2225 929 2282 ταῖς
998 2220 1166 2283 θείαις
1229 2227 1466 2299 Γραφαῖς
1499 2238 1513 2253 ⁸
1563 2221 1598 2290 ἢ
1659 2221 1974 2296 ἐντυχόντες

326 2308 442 2381 μὲν,
477 2309 552 2381 μὴ
585 2306 927 2370 πιστεύοντες
961 2306 1018 2364 δὲ
1044 2308 1174 2364 εἶναι
1223 2309 1543 2364 θεόπνευστα
1583 2311 1649 2364 τὰ
1699 2308 1862 2385 λόγια
1907 2311 1974 2364 τὰ

323 2398 436 2467 (44)
467 2395 518 2450 ἐν
570 2395 774 2458 αὐταῖς.
809 2397 872 2451 Εἰ
916 2399 1018 2473 γὰρ
1075 2396 1373 2468 ἐπίστευον,
1425 2398 1523 2452 οὐκ
1572 2398 1631 2453 ἂν
1681 2399 1826 2474 παρὰ
1877 2400 1971 2473 μὲν

321 2483 518 2548 ταύτας
559 2484 840 2560 ἐτόλμων,’
863 2489 963 2557 τὴν
999 2485 1057 2542 δὲ
1086 2489 1406 2559 κακοήθειαν
1451 2494 1559 2544 τῶν
1608 2489 1971 2566 κυριοκτόνιυν

326 2571 602 2630 Ἰουδαίων
638 2573 886 2646 ἐζήλουν.
921 2576 1020 2631 Καὶ
1051 2578 1153 2652 γὰρ
1185 2581 1282 2632 τοῦ
1313 2583 1446 2632 Θεοῦ
1478 2575 1776 2642 δεδωκότος
1827 2579 1972 2634 ἐντο-

328 2660 430 2733 λήν
469 2683 480 2695 ·
535 2663 676 2737 Τίμα
733 2665 824 2718 τὸν
880 2665 1086 2740 πατὲρα
1139 2686 1233 2720 σου
1280 2665 1370 2720 καὶ
1420 2668 1520 2736 την
1581 2668 1790 2740 μητέρα
1839 2688 1970 2722 σου·

323 2753 434 2824 καὶ,
495 2753 552 2806 Ὁ
609 2751 932 2828 κακολογῶν
1005 2754 1211 2828 πατέρα
1267 2755 1301 2824 ἢ
1367 2756 1578 2832 μητέρα
1631 2758 1842 2830 θανάτῳ
1890 2779 1976 2813 τε·

324 2839 566 2898 λευτάτω
599 2861 612 2874 ⁸
667 2843 1116 2916 ἀντενομοθέτουν
1175 2844 1414 2898 κάκεῖνοι
1473 2847 1606 2918 (45),
1651 2847 1750 2915 τήν
1807 2849 1974 2920 τιμήν

321 2930 400 2994 εἷς
425 2930 644 3006 ἀτιμίαν
683 2933 1091 3010 μεταφέροντες,
1125 2932 1215 2987 καὶ
1246 2933 1507 3009 ἀργορίου
1556 2935 1618 2988 τὸ
1667 2935 1800 3011 πρὸς
1850 2935 1978 2998 τοὺς

316 3019 514 3094 γονέας
556 3022 792 3090 καθῆκον
840 3023 987 3096 παρὰ
1033 3026 1141 3076 τῶν
1189 3023 1390 3077 τὲκνων
1447 3022 1977 3078 ἀναικαταλλάσσον-

311 3129 400 3171 τες
433 3129 446 3142 ⁶
482 3110 572 3164 καὶ
613 3109 1074 3186 ἀναγινώσκοντες
1128 3109 1186 3164 δὲ
1231 3113 1327 3173 τὰς
1372 3115 1469 3165 τοῦ
1519 3105 1684 3166 Δαϐὶδ
1739 3112 1957 3186 πράξεις

318 3195 688 3272 ἀντεμελὲτων
724 3199 911 3262 αὐταῖς
944 3202 1080 3274 (46),
1111 3201 1201 3254 καὶ
1233 3199 1469 3274 ᾐτιῶντο
1512 3200 1641 3263 τοὺς
1683 3184 1981 3274 ἀναιτίουςῖ

2004 1895 2053 1959 Β

2094 634 2187 672 me
2219 635 2512 690 spargere,
2547 639 2756 693 meque
2786 623 3018 694 probris
3044 624 3335 692 insectari,
3361 641 3425 680 ac
3455 627 3737 682 timidita-

2092 706 2168 761 tis
2199 723 2494 779 accusare,
2519 712 2671 780 quod
2697 728 2830 766 cum
2863 714 2934 767 ab
2967 713 3111 785 ipsis
3137 715 3208 768 de
3231 715 3422 770 medio
3444 715 3739 771 tollendus

2092 795 2438 868 inquirerer,
2472 815 2585 853 non
2618 799 2953 856 dedititium
2985 818 3078 857 me
3113 801 3230 858 illis
3261 803 3596 859 obtulerim.
3630 805 3739 860 Ve-

2092 901 2223 939 rum
2256 885 2485 940 etiamsi
2521 887 2706 942 multa
2736 888 2880 943 mihi
2925 890 2995 944 ad
3038 890 3297 946 convicia
3325 897 3382 947 et
3412 891 3739 949 calumnias

2091 988 2293 1028 eorum
2336 973 2731 1045 depellendas,
2765 977 3074 1033 scribenda
3121 983 3458 1050 suppetant,
3490 997 3617 1051 quae
3667 998 3740 1036 ne

2090 1061 2204 1132 ipsi
2237 1061 2475 1133 quidem
2511 1062 2740 1118 inﬁcias
2772 1064 2856 1119 ire
2894 1066 3142 1137 possint,
3176 1083 3423 1138 quaeque
3459 1069 3737 1125 omnibus

2091 1150 2162 1205 ad
2195 1167 2344 1222 quos
2374 1149 2584 1206 horum
2609 1153 2765 1208 fama
2790 1153 3068 1223 pervenit,
3093 1161 3389 1227 comperta
3417 1162 3593 1213 sunt:
3617 1175 3734 1214 non

2090 1239 2354 1294 animum
2403 1243 2600 1296 tamen
2656 1241 2931 1296 inducam
2981 1248 3046 1297 ut
3096 1243 3396 1316 quidpiam
3428 1245 3732 1318 obloquar,

2090 1328 2204 1383 nisi
2234 1328 2465 1383 Domini
2499 1329 2848 1384 sententiam
2894 1334 2950 1384 et
2993 1331 3254 1402 Apostoli
3284 1333 3505 1389 dictum
3539 1351 3551 1388 :
3586 1336 3732 1391 Men-

2087 1417 2302 1472 dacium
2333 1433 2403 1472 ex
2429 1416 2654 1473 diabolo
2674 1427 2752 1472 est
2773 1419 2824 1480 5;
2854 1423 2946 1473 et:
2979 1419 3233 1476 Maledici
3251 1438 3480 1492 regnum
3498 1424 3598 1479 Dei
3623 1441 3736 1480 non

2083 1505 2434 1578 possidebunt
2454 1507 2494 1559 ⁸.
2527 1505 2681 1560 Satis
2721 1506 2937 1578 quippe
2974 1512 3082 1578 est,
3116 1509 3270 1580 quod
3304 1509 3440 1566 hinc
3469 1528 3734 1585 compro-

2088 1594 2277 1662 betur,
2312 1593 2457 1648 nihil
2489 1610 2586 1649 eos
2607 1595 2778 1663 juxta
2815 1595 3107 1666 Evangelii
3146 1613 3412 1654 normam
3443 1599 3532 1655 vel
3561 1617 3735 1673 sape-

2087 1698 2169 1752 re,
2201 1682 2292 1738 vel
2335 1699 2524 1755 agere,
2558 1683 2660 1738 sed
2705 1684 2993 1740 arbitratu
3024 1701 3132 1740 suo
3164 1701 3291 1757 quae
3321 1685 3553 1759 placent
3580 1694 3737 1746 recta

2086 1770 2440 1827 existimare.

2157 1949 2312 2006 254
2341 1953 2396 2006 2.
2421 1953 2497 2005 At
2527 1951 3005 2023 quandoquidem
3048 1969 3142 2008 me
3189 1953 3524 2011 timiditatis
3571 1955 3737 2012 incu-

2083 2055 2214 2094 sare
2241 2039 2532 2109 videntur,
2566 2056 2750 2112 operae
2793 2040 3044 2112 pretium
3089 2042 3266 2098 fuerit
3293 2059 3480 2115 pauca
3527 2044 3634 2101 hac
3664 2046 3702 2100 d

2084 2146 2145 2186 re
2176 2129 2468 2184 scribere:
2503 2127 2641 2183 hinc
2671 2129 2828 2184 enim
2873 2128 3065 2200 palam
3097 2131 3207 2186 erit
3233 2148 3334 2187 eos
3364 2137 3421 2187 et
3450 2133 3737 2205 improbis

2083 2234 2211 2276 esse
2239 2217 2526 2283 moribus,
2547 2222 2604 2272 et
2623 2217 2955 2289 Scripturas
2979 2218 3204 2276 divinas
3237 2221 3480 2277 minime
3499 2221 3734 2295 legisse,

2083 2312 2187 2363 aut
2219 2305 2431 2379 legisse
2463 2306 2838 2378 quidem,sed
2860 2323 3060 2362 earum
3085 2307 3317 2379 eloquia
3337 2309 3620 2366 divinitus
3643 2311 3734 2366 in-

2085 2396 2306 2468 spirata
2346 2413 2457 2451 non
2491 2395 2722 2451 credere
2756 2413 2768 2451 :
2805 2412 2940 2451 nam
2991 2397 3039 2451 si
3083 2399 3403 2466 crederent,
3428 2415 3734 2471 nunquam

2084 2486 2364 2542 adversus
2395 2501 2598 2540 earum
2629 2484 2955 2540 doctrinam
2988 2490 3152 2542 tanta
3182 2487 3438 2544 facinora
3465 2488 3737 2546 admisis-

2085 2579 2234 2642 sent,
2271 2590 2461 2646 neque
2493 2573 2742 2629 fuissent
2769 2573 3107 2630 Judzeorum
3147 2575 3248 2647 qui
3291 2576 3608 2633 Dominum
3639 2595 3734 2634 oc-

2085 2664 2353 2720 ciderunt
2395 2661 2821 2733 malignitatem
2873 2661 3153 2719 aemulati.
3187 2665 3413 2720 Etenim
3463 2683 3597 2722 eum
3628 2667 3738 2724 hoc

2086 2759 2441 2825 praeceptum
2475 2751 2734 2807 dedisset
2780 2751 2934 2807 Deus
2967 2768 2979 2806 :
3016 2753 3228 2809 Honora
3254 2757 3471 2826 patrem
3501 2763 3655 2811 tuum
3684 2762 3739 2813 et

2086 2846 2325 2898 matrem
2371 2842 2585 2907 iuam7;
2620 2845 2721 2895 et:
2767 2841 2872 2908 Qui
2917 2842 3270 2899 maledixerit
3311 2846 3466 2916 patri
3508 2861 3605 2902 suo
3655 2847 3740 2902 vel

2086 2932 2277 2997 matri,
2309 2933 2482 2985 morte
2509 2930 2830 2984 moriatur8
2863 2946 2875 2983 :
2910 2931 3214 2987 adversam
3241 2931 3323 2986 illi
3355 2933 3632 2990 induxere
3663 2934 3742 2990 le-

2089 3037 2244 3094 gem,
2272 3035 2555 3089 versoque
2604 3019 2662 3072 in
2712 3019 3098 3091 ignominiam
3144 3020 3380 3091 honore,
3428 3023 3735 3094 pecuniam

2092 3127 2218 3183 qua:
2278 3107 2619 3179 parentibus
2659 3124 2692 3162 a
2731 3107 2867 3161 filiis
2923 3109 3216 3179 eroganda
3271 3115 3414 3177 erat,
3446 3109 3506 3165 in
3565 3128 3735 3168 suam

2093 3199 2490 3254 distraxerunt
2520 3194 2830 3251 utilitatem
2866 3212 2878 3250 :
2914 3212 3168 3267 cumque
3193 3197 3431 3254 Davidis
3462 3205 3625 3271 gesta
3655 3200 3736 3257 le-

316 3285 610 3350 τίλλοντας
658 3289 920 3364 στάχυας,
967 3289 1056 3343 καὶ
1103 3289 1394 3365 ψώχοντας
1435 3288 1486 3344 ἐν
1531 3293 1599 3363 τῇ
1649 3291 1830 3366 ἡμέρᾳ
1880 3264 1977 3346 τοῦ

2095 3295 2314 3361 gerent,
2349 3291 2552 3341 contra
2606 3290 2802 3340 tamen
2851 3283 2935 3339 illi
2985 3291 3318 3353 senserunt,
3367 3287 3737 3362 innoxiisque

324 3383 363 3430 Σ
406 3371 474 3430 ϐρ
495 3379 542 3409 ι,
665 3379 685 3397 ν
780 3399 799 3410 ρ
903 3376 946 3396 9“
1031 3378 1044 3398 9
1121 3384 1142 3393 -ο
1239 3376 1264 3394 ν
1392 3384 1416 3392 ~
1763 3378 1820 3413 ν-
1892 3379 1916 3398 κ
1955 3382 1966 3396 ε

372 3398 402 3430 α
443 3399 627 3434 οαιου.
689 3375 868 3451 Εμελε
899 3393 955 3434 οε
988 3400 1171 3442 αυτοις
1203 3400 1324 3433 ουτε
1352 3400 1457 3433 των
1486 3379 1694 3452 νόμων,
1727 3401 1848 3435 ουιε
1889 3397 1978 3436 οια

321 3465 383 3520 τὸ
415 3460 692 3521 Σάϐϐατον
733 3486 744 3497 ·
777 3467 829 3521 ἐν
861 3466 1012 3539 αὐτῷ
1044 3469 1147 3544 γὰρ
1183 3465 1394 3541 μᾶλλον
1428 3467 1978 3544 παρηνόμουν.’Δλλ’

321 3554 402 3609 ὅτι
433 3555 523 3609 τὸν
554 3554 757 3630 τρόπον
788 3551 946 3620 ὅντες
976 3557 1232 3632 πονηροὶ,
1265 3562 1382 3619 τοῖς
1412 3578 1471 3611 τε
1505 3559 1769 3630 μαθηταῖς
1821 3557 1974 3630 ἐφθό-

318 3663 442 3698 νουν
493 3644 850 3717 σωζομένοις,
903 3646 992 3699 καὶ
1049 3644 1209 3718 μόνον
1266 3639 1574 3714 ἠϐούλοντο
1620 3647 1686 3700 τὰ
1729 3649 1845 3719 (47)
1876 3654 1977 3716 τῆς

322 3730 460 3795 ἰδίας
493 3734 726 3808 γνώμης
756 3739 996 3810 κρατεῖν.
1033 3735 1266 3788 Ἐκεῖνοι
1301 3734 1394 3807 μὲν
1429 3732 1519 3789 οῦν
1562 3742 1664 3804 τῆς
1700 3734 1839 3798 ἰδίας
1871 3757 1973 3790 πα-

321 3822 582 3895 ρανομίας
635 3818 826 3898 ἔχουσι
873 3823 940 3877 τὰ
989 3823 1262 3898 ἐπίχειρα,
1298 3822 1499 3898 ἆνίεροι
1549 3824 1855 3897 γενόμενοι,
1886 3826 1975 3879 καὶ

324 3907 517 3966 λοιπὸν
551 3909 818 3987 ἄρχοντες
854 3909 1120 3984 Σοδόμων
1149 3911 1238 3965 καὶ
1274 3910 1404 3973 λαὸς
1438 3913 1720 3988 Γομόρρας
1751 3933 1976 3988 χρημα-

318 3998 576 4069 τίζοντες.
613 4002 710 4055 Καὶ
743 4001 894 4055 οὗτοι
924 4004 1037 4074 (48)
1069 3998 1125 4055 δὲ
1159 3998 1310 4055 οὐδὲν
1351 4004 1512 4071 ἧττον
1545 4001 1762 4057 ἐκείνων
1788 4001 1975 4058 δοκοῦ-

321 4088 373 4143 σί
408 4111 501 4163 μοι
530 4092 631 4160 τὴν
664 4090 938 4162 ἐπιτιμίαν
978 4088 1122 4166 ἔχειν
1154 4088 1288 4163 ἤδη,
1320 4093 1420 4161 τήν
1451 4099 1551 4161 τῆς
1583 4090 1720 4155 ἰδίας
1748 4089 1976 4168 ἀλογίας

324 4176 566 4254 ἄγνοιαν.
599 4179 734 4234 Οῦτε
788 4181 892 4256 γὰρ
953 4185 1132 4234 νοῦσιν
1167 4180 1200 4234 ἃ
1243 4181 1520 4256 λέγουσιν,
1549 4180 1694 4236 ἀλλὰ
1749 4183 1838 4237 καὶ
1887 4203 1977 4238 νο-

328 4268 573 4342 μίζουσιν
629 4267 823 4324 εἰδέναι
872 4271 1006 4345 ἅπερ
1053 4271 1341 4346 ἀγνοοῦσι·
1392 4271 1528 4344 μόνη
1585 4272 1642 4326 δὲ
1683 4277 1885 4347 γνῶσις
1926 4272 1977 4328 ἐν

324 4357 509 4421 αὐτοῖς
562 4356 672 4413 ἐστι
719 4362 816 4412 τοῦ
867 4364 1199 4433 κακοποιεῖν,
1232 4360 1321 4414 καὶ
1360 4361 1476 4414 καθ’
1503 4357 1713 4437 ἡμέραν
1759 4361 1981 4436 χείρονα

322 4444 567 4522 χείροσιν
625 4445 978 4525 ἐφευρίσκειν.
1037 4449 1136 4502 Καὶ
1203 4449 1306 4524 γὰρ
1359 4450 1448 4503 καὶ
1505 4450 1604 4518 τὴν
1661 4454 1751 4504 νῦν
1800 4453 1976 4528 φυγήν

323 4537 500 4610 ἡμῶν,
563 4535 662 4591 οὐκ
711 4535 791 4591 ἐπ’
846 4537 1010 4612 ἀρετῇ
1064 4534 1314 4599 θέλοντες
1362 4540 1512 4610 ἡμᾶς
1570 4535 1977 4614 ἀνδραγαθήσα-

393 4654 414 4688 ⁶
442 4654 465 4708 Ι
489 4657 654 4712 Joan.
688 4671 752 4724 ιι,
783 4655 872 4714 21.
948 4655 970 4689 ⁶
1001 4655 1024 4709 Ι
1051 4657 1176 4712 Cor.
1211 4673 1288 4724 v1,
1326 4656 1408 4710 10.
1486 4657 1506 4690 ⁷
1538 4657 1717 4714 Exod.
1747 4676 1842 4728 xx,
1876 4660 1962 4715 12.

325 4789 559 4876 διωγμῷ
593 4794 771 4876 φυγὴν
804 4792 989 4876 αὐτοῦ.
1018 4797 1094 4852 De
1116 4798 1188 4876 iis
1213 4798 1491 4876 quisuqu
1521 4800 1583 4853 in
1611 4803 1990 4876 persecutier
2017 4811 2065 4876 D

322 4867 518 4940 fugam
565 4867 1075 4940 calumniabaniur.
1128 4869 1375 4940 Socrat.,
1410 4869 1510 4940 lib.
1546 4888 1585 4924 ιι
1612 4867 1775 4927 Ὴιζςι.
1810 4889 1860 4928 c.
1892 4874 1982 4940 28,

325 4938 418 5016 sit:
440 4944 790 5016 n‘upcupai:
823 4937 1263 5016 ’A-noloyygttxo;
1295 4939 1438 5016 Δπερὶ
1481 4946 1583 5016 τῆς
1628 4948 1812 5016 φυγῆς
1865 4937 1983 4997 ἑαυέ

323 5010 423 5092 τοῦ
466 5005 664 5092 ,λόγοκςῖ
701 5011 1012 5092 ᾞὴοοᾱοτ.,
1224 5005 1594 5092 Ηιῗτςι.ὀ.“13.
1625 5005 1686 5067 Ἡ
1720 5005 1835 5092 ’τῆς
1885 5035 1982 5092 φυ-

327 5084 431 5153 γῆς
466 5077 893 5154 ίᾼπολογίαηίη
925 5077 1170 5138 concilio
1219 5089 1416 5140 autem
1458 5077 1801 5142 Duziacensi
1832 5105 1870 5153 ι,
1897 5077 1984 5143 ἰοο

328 5151 424 5230 r_no
469 5151 880 5230 Vlll_Conc_il_.,
933 5155 1197 5230 p.15_69,_
1234 5156 1319 5230 sic
1369 5173 1675 5228 perperam
1722 5151 1983 5230 legitur:

325 5224 412 5278 Ea:
440 5224 672 5302 epistola
698 5226 846 5280 Julii
877 5224 1133 5302 papaejn
1164 5224 1492 5302 Athanasii'
1506 5245 1604 5302 pro
1631 5231 1762 5301 fuga
1781 5224 1985 5302 Helen-

324 5311 481 5370 sioae
509 5315 529 5350 :
551 5294 842 5370 locusque
865 5294 966 5370 ibi
986 5298 1226 5370 affertur
1255 5299 1355 5370 qui
1385 5294 1540 5354 infra
1569 5294 1838 5357 habetur.

401 5365 640 5440 ({11)_Sic
688 5365 826 5440 Reg.
863 5369 924 5422 In
987 5369 1160 5425 editis
1216 5365 1306 5422 καί
1354 5372 1536 5427 deest.
1569 5373 1702 5428 Mox
1758 5373 1899 5440 haec,
1934 5373 1985 5425 ot

325 5435 650 5513 x1t’__at_6'rfov
685 5435 991 5513 ἀκοῦοντες,
1023 5441 1236 5495 desunt
1263 5442 1319 5496 in
1351 5442 1517 5513 Angl.

401 5509 516 5581 (42)
547 5509 929 5584 SicuAnglic.
963 5528 1137 5584 quem
1191 5509 1516 5584 sequimur.
1552 5512 1649 5566 Καί
1709 5516 1873 5572 deest
1927 5516 1986 5571 in

401 5528 516 5581 (λιιι)
547 5528 641 5565 Sic
699 5528 785 5566 an
837 5528 929 5565 uc.
963 5528 1137 5583 quem
1191 5528 1516 5584 sequlmur.
1553 5528 1647 5566 hat
1709 5528 1873 5572 deest
1927 5533 1986 5571 1n

330 5579 479 5661 Reg.
506 5528 944 5661 et_editis.§\tlox
960 5583 1106 5661 editi
1139 5589 1274 5661 post
1297 5587 1452 5653 Θεοῦ,
1479 5585 1786 5661 ᾗᾶδθηζιοῦ
1811 5605 1824 5618 ο
1858 5605 1986 5661 quae

329 5651 809 5741 particula,‘cum
849 5655 929 5741 ira
960 5654 1098 5741 Reg.
1128 5651 1300 5741 desit,
1352 5661 1409 5712 et
1439 5651 1988 5741 'supe‘refﬂuat,‘ex-

335 5725 556 5806 puncta
585 5729 692 5783 est.
729 5725 860 5784 Mox
890 5729 1025 5801 Reg.
1047 5725 1122 5784 ’ἐκ
1150 5725 1375 5804 τούτων,
1407 5725 1549 5786 editi
1579 5727 1636 5786 ἐκ
1663 5725 1880 5793 τούτου.

2038 4661 2059 4694 ⁸
2089 4658 2268 4714 Exod.
2299 4672 2413 4720 XXI,
2449 4655 2534 4709 17.

2087 3377 2428 3432 hominibus
2457 3374 2594 3430 vitio
2625 3375 2925 3430 vertebant
2951 3375 3104 3446 quod
3139 3376 3195 3430 in
3229 3376 3322 3430 die
3353 3376 3591 3433 Sabbati
3625 3381 3740 3451 spi-

2088 3484 2186 3521 cas
2214 3465 2492 3521 vellerent
2513 3463 3019 3534 confricarentque
3039 3465 3088 3530 9;
3113 3480 3245 3518 cum
3268 3469 3464 3520 tamen
3496 3466 3606 3538 ipsi
3631 3485 3736 3524 nec

2087 3556 2245 3628 leges
2277 3558 2550 3610 curarent
2570 3569 2673 3607 nec
2695 3553 3048 3619 Sabbatum;
3080 3551 3139 3608 in
3163 3552 3264 3608 illo
3286 3555 3442 3610 enim
3473 3555 3736 3627 iniquius

2087 3662 2214 3702 sese
2258 3645 2555 3717 gerebant.
2589 3643 2697 3697 Sed
2760 3658 2894 3696 cum
2947 3643 3142 3714 pravis
3193 3650 3389 3700 essent
3447 3647 3732 3720 moribus,

2087 3734 2507 3806 discipulorum
2543 3731 2715 3787 saluti
2748 3730 3105 3799 invidebant,
3140 3732 3315 3804 idque
3346 3733 3535 3789 solum
3571 3753 3734 3809 spee-

2086 3825 2293 3880 tabant
2325 3828 2388 3877 ut
2420 3839 2528 3877 sua
2575 3820 2909 3892 praevaleret
2938 3822 3248 3876 sententia.
3270 3825 3459 3895 Atque
3490 3824 3571 3879 illi
3607 3826 3736 3897 qui-

2086 3915 2217 3968 dem
2252 3913 2552 3982 injustitia:
2576 3928 2693 3965 suae
2725 3911 2965 3982 praemia
2991 3911 3144 3966 nacti
3176 3919 3335 3977 sunt,
3361 3915 3583 3985 profani
3607 3917 3734 3987 jam

2086 4001 2292 4068 effecti,
2324 4001 2383 4056 in
2429 4004 2850 4073 posterumque
2899 4000 3193 4071 principes
3235 4001 3648 4070 Sodomorum,
3681 4009 3739 4060 et

2085 4090 2340 4165 populus
2370 4089 2708 4146 Gomorrbae
2751 4088 3028 4161 appellati
3053 4091 3114 4143 ¹⁰.
3152 4090 3251 4145 Isti
3281 4106 3415 4146 vero
3462 4109 3576 4147 non
3625 4094 3735 4148 mi-

2087 4197 2228 4237 nore
2258 4196 2434 4251 quam
2481 4177 2562 4233 illi
2598 4195 2768 4250 pcena
2809 4178 2934 4248 jam
2967 4178 3198 4234 multati
3247 4180 3392 4235 mihi
3441 4181 3733 4254 videntur,

2086 4269 2332 4328 vesania:
2365 4284 2572 4340 nempe
2597 4285 2715 4323 suae
2746 4267 3099 4339 ignorantia.
3123 4268 3322 4340 Neque
3369 4269 3522 4326 enim
3571 4271 3738 4328 intel-

2088 4361 2279 4434 ligunt
2307 4375 2432 4431 qua:
2464 4357 2822 4428 loquuntur:
2849 4355 2986 4428 quin
3011 4356 3186 4412 etiam
3210 4374 3340 4429 quae
3369 4358 3643 4430 ignorant
3673 4377 3737 4416 se

2089 4467 2262 4506 nosse
2292 4447 2672 4504 arbitrantur.
2699 4445 2824 4501 Una
2845 4449 3042 4501 autem
3064 4449 3154 4500 est
3183 4445 3300 4502 illis
3331 4447 3596 4518 scientia,
3619 4465 3739 4506 ma-

2089 4539 2246 4612 ligne
2275 4553 2464 4610 agere,
2499 4552 2564 4592 ac
2613 4534 2873 4607 quotidie
2917 4535 3114 4606 pejora
3143 4535 3440 4606 pejoribus
3488 4539 3738 4593 commi-

2613 4653 2634 4686 9
2664 4649 2867 4706 Matth.
2900 4667 3002 4722 x11,
3037 4651 3088 4705 1.
3170 4652 3212 4686 ¹⁰
3241 4652 3352 4708 Isa.
3387 4669 3426 4721 ι,
3462 4654 3549 4708 10.

2167 4801 2278 4872 (43)
2311 4797 2460 4872 Edit.
2494 4793 2770 4872 Co_mmel_.
2808 4794 2934 4872 sola
2957 4790 3223 4872 ἐκκαλεῖν.
3251 4793 3328 4872 _In
3359 4795 3532 4866 Angl.
3567 4796 3740 4868 paulo

2097 4863 2231 4944 post
2258 4863 2324 4944 τε
2344 4871 2526 4944 deest.
2563 4866 2924 4944 Idem__inl'ra,
3080 4866 3217 4944 μήτε
3247 4863 3487 4940 ἐντετυχῖ

2167 4944 2276 5016 (44)
2310 4940 2478 5016 Basil.
2511 4944 2569 4993 et
2589 4938 2839 5016 _An_glic.,
2867 4936 2934 4990 τὰ
2965 4933 3089 4990 θεῖα
3109 4933 3292 5011 λόγια.

2165 5007 2277 5086 (45)
2307 5013 2555 5086 ᾼΠςᾘα,
2586 5007 2799 5086 ἐκεῖνοι.

2167 5076 2276 5172 (46)
2308 5076 2476 5172 Reg:
2526 5076 2908 5172 ἁξντεμελέτων.
2970 5081 3120 5172 ΜρΧ(
3155 5081 3406 5172 A'nglio.)
3438 5077 3742 5172 ’τίλλοντες

2095 5148 2335 5244 στάχέας
2390 5148 2478 5242 {gat
2537 5148 2819 5244 ψώχοντεε
2875 5149 2926 5204 ἐν
3305 5148 3740 5244 τρῦΙΣαιϐϐἀξειου.

2096 5219 2301 5300 ’Έμίελε
2356 5227 2459 5301 γὰρ
2487 5219 2694 5301 Δαύτόῖς
2755 5219 2878 5277 οὔτε
2933 5219 3282 5296 νόμου,ὀῧτε
3330 5221 3437 5290 διά,
3471 5231 3579 5281 etc.
3614 5225 3746 5281 Mox

2095 5296 2273 5366 idem,
2301 5296 2662 5371 παρενόμουν.

2169 5365 2285 5444 (47)
2315 5365 2398 5444 ita
2429 5365 2590 5444 Reg,
2622 5374 2679 5423 et
2711 5371 2880 5444 re_c_te.
2916 5371 2978 5422 In
2995 5368 3183 5444 _editis
3212 5365 3489 5444 tatdeest.

2167 5437 2279 5511 (48)
2309 5443 2403 5497 Sic
2435 5437 2610 5511 Basil,
2641 5439 2866 5510 Anglic.
2889 5445 2965 5511 At
2995 5439 3133 5511 Reg.
3157 5444 3214 5495 et
3237 5439 3374 5495 editi
3406 5437 3578 5494 αὐτοί.
3613 5439 3746 5495 Mox

2167 5456 2279 5511 (425)
2309 5456 2403 5497 Sic
2435 5456 2610 5496 basu.
2641 5456 2866 5510 angue.
2889 5456 2965 5493 Αι
2995 5456 3133 5566 Reg.
3157 5456 3214 5495 et
3237 5456 3374 5495 eum
3406 5456 3578 5494 αυτοι.
3613 5456 3743 5495 mox

2096 5514 2158 5570 in
2189 5514 2360 5570 editis
2382 5507 2854 5594 male,_8oxo_6cnv,
2887 5509 2974 5594 ei:
3001 5511 3084 5594 in.
3103 5514 3222 5594 tog.
3246 5511 3330 5594 sic
3352 5512 3542 5594 prima
3565 5528 3743 5594 manu

2139 5587 2355 5643 ositum
2391 5585 2602 5650 fuerat,
2625 5585 2723 5638 sed
2751 5584 3009 5639 secunda
3039 5582 3091 5637 oi
3122 5582 3398 5640 deletum.
3422 5586 3495 5640 At
3527 5583 3744 5646 rectius

2139 5604 2355 5643 081mm
2391 5604 2602 5650 luerat,
2625 5604 2723 5638 seu
2751 5604 2982 5638 secunda

2095 5604 2263 5732 ﬁngi.
2298 5661 2356 5714 et
2386 5655 2585 5727 Basil.,
2620 5650 2836 5709 δοκοῦσί
2871 5673 2982 5731 μοι.
