4132 6398
394 437 510 496 647

930 433 996 494 S.
1042 429 1471 492 ATHANASII
1515 429 1689 491 OPP.
1736 428 1937 491 PARS
1983 428 2029 489 Ι.
2066 462 2143 473 --
2174 430 2590 493 HISTORICA
2635 431 2735 491 ET
2778 427 3257 492 DOGMATICA.

3684 431 3806 513 διδ

396 566 565 623 uisci.
597 565 870 622 Nostram
895 563 1118 638 'quippe
1172 562 1367 636 fugam
1402 578 1515 617 non
1547 578 1614 617 eo
1654 560 2040 617 criminantur

2157 562 2273 615 σθαι
2304 562 2438 634 (49),
2472 555 2830 617 διαϐάλλουσι
2851 606 2863 617 .
2897 559 3056 615 πόθεν
3086 560 3189 635 γὰρ
3223 559 3362 636 εὐχὴ
3402 559 3629 632 τοιαύτη
3681 568 3806 637 παρ’

397 672 513 729 quo
542 654 722 711 velint
750 670 856 710 nos
884 669 1015 709 cum
1047 653 1263 709 virtute
1302 668 1369 707 ac
1409 650 1635 707 fortiter
1663 666 1868 723 agere:
1907 667 2041 706 nam

398 744 555 800 unde
585 742 839 798 inimicis
885 745 1085 798 votum
1118 739 1430 811 ejusmodi,
1463 756 1565 812 pro
1594 738 1734 795 viris
1779 738 1880 810 qui
1925 755 2042 794 non

397 849 515 888 uno
537 848 736 888 secum
758 828 1145 903 malignitatis
1167 845 1344 885 cursu
1366 828 1670 884 feruntur?
1696 829 1770 883 At
1790 826 2042 899 improbi

397 936 533 976 cum
565 920 705 987 sint,
735 918 1111 975 simulatione
1161 917 1275 985 usi,
1307 917 1429 972 haec
1458 917 1677 989 ubique
1706 921 1995 990 spargunt
2026 934 2039 973 :

396 1008 528 1078 rati,
552 1008 634 1064 ita
663 1023 874 1080 nempe
902 1005 1067 1063 stulti
1090 1010 1248 1075 sunt,
1272 1022 1379 1062 nos
1410 1008 1571 1061 metu
1601 1005 1891 1077 ejusmodi
1912 1005 2040 1062 illo-

395 1112 530 1153 rum
563 1095 806 1153 convicii
845 1095 1163 1168 aliquando
1205 1093 1352 1168 ipsis
1398 1110 1767 1151 occursuros.
1801 1094 1862 1150 Id
1912 1110 2042 1167 per-

396 1188 604 1257 optant
633 1183 875 1255 scilicet,
906 1200 1090 1255 eaque
1121 1183 1193 1239 de
1222 1199 1401 1239 causa
1433 1182 1653 1254 ubique
1681 1182 2044 1239 circumcur-

396 1278 568 1332 sant:
592 1277 649 1330 et
678 1274 819 1329 dum
849 1286 979 1330 sese
1008 1271 1230 1329 amicos
1259 1271 1563 1343 simulant,
1588 1276 1653 1328 ut
1702 1271 1924 1328 inimici
1954 1276 2042 1327 ta-

395 1379 532 1420 men
560 1361 978 1436 pervestigant,
1006 1376 1123 1433 quo
1154 1359 1404 1417 aliorum
1448 1359 1734 1433 sanguine
1774 1360 1901 1432 jam
1950 1377 2041 1416 sa-

393 1450 546 1520 tiati,
576 1466 685 1508 nos
726 1465 960 1523 quoque
1007 1448 1216 1506 tollant
1260 1450 1332 1505 de
1382 1449 1572 1505 medio
1608 1466 1621 1505 :
1654 1448 1785 1506 ideo
1835 1464 2045 1520 nempe

395 1539 553 1612 quod
583 1539 865 1596 adversus
894 1553 1099 1595 eorum
1136 1537 1498 1609 impietatem
1530 1554 1763 1611 semper
1791 1536 2043 1594 senseri-

396 1645 532 1685 mus
560 1631 618 1685 et
637 1629 765 1699 jam
794 1626 1144 1698 sentiamus,
1175 1642 1497 1699 eorumque
1534 1626 1805 1683 haeresim
1835 1628 2045 1684 confu-

394 1720 587 1774 tantes
615 1716 1022 1772 traducamus.

464 1805 519 1861 3.
544 1806 727 1872 Quem
747 1805 905 1861 enim
936 1819 1198 1876 unquam
1223 1803 1641 1877 persecuti,ubi
1665 1803 2043 1877 comprehen-
2116 1796 2123 1803 ’

394 1893 630 1961 derunt,
651 1892 1027 1950 contumeliis
1056 1909 1172 1948 non
1202 1893 1550 1949 oneravere?
1579 1909 1919 1966 quemnam,
1942 1892 2045 1947 ubi

394 1981 795 2055 conquisitum
817 1980 1347 2053 deprehenderunt,
1373 1997 1488 2037 non
1512 1980 1594 2036 ita
1614 1985 1957 2047 tractarunt,
1976 1985 2043 2037 ut

390 2071 483 2128 vel
500 2071 712 2128 misere
735 2070 1018 2136 interiret,
1033 2068 1121 2125 vel
1143 2070 1402 2142 undique
1425 2070 1578 2127 male
1598 2071 1874 2129 haberet?
1895 2071 2040 2126 Nam

396 2176 523 2234 quae
544 2158 892 2232 ajudicibus
914 2158 1006 2231 agi
1027 2158 1198 2231 vulgo
1214 2158 1646 2226 existimantur,
1664 2159 1784 2215 haec
1805 2159 2042 2215 illorum

394 2254 536 2307 sunt
559 2264 770 2322 opera:
801 2247 947 2320 quin
978 2247 1089 2320 ipsi
1114 2247 1345 2319 judices
1377 2246 1610 2303 illorum
1645 2247 1873 2303 consilii
1905 2252 2045 2304 sunt

395 2343 453 2396 et
474 2337 710 2395 malitiae
733 2336 1009 2393 ministri.
1030 2335 1312 2401 Quisnam
1338 2335 1695 2409 igiturlocus
1717 2337 1815 2408 qui
1840 2351 2042 2393 eorum

394 2425 790 2502 improbitatis
820 2425 1060 2499 aliquod
1111 2442 1227 2481 non
1276 2425 1542 2498 praeferat
1586 2425 1948 2499 vestigium?
1980 2427 2042 2482 In

394 2529 710 2589 quemnam
742 2513 844 2586 qui
888 2513 1198 2569 adversum
1229 2528 1292 2568 se
1320 2513 1592 2582 senserit,
1626 2530 1837 2570 causas
1883 2530 2046 2570 more

391 2601 681 2661 Jezabelis
710 2602 1049 2672 commenti,
1076 2617 1192 2657 non
1222 2601 1671 2673 conspirarunt?
1690 2602 1825 2666 Quae
1857 2601 2046 2657 Eccle-

395 2693 484 2750 sia
502 2708 620 2749 non
645 2692 770 2762 jam
795 2690 854 2746 in
874 2690 1039 2747 luctu
1070 2694 1179 2760 est,
1202 2696 1439 2763 propter
1465 2690 1701 2747 illorum
1734 2692 2043 2746 adversum

394 2783 703 2856 episcopos
733 2797 874 2838 suos
910 2779 1196 2836 insidias?
1226 2780 1537 2835 Antiochia
1576 2783 1814 2851 propter
1839 2779 2047 2833 Eusta-

395 2872 593 2929 thium
624 2871 1018 2927 confessorem
1047 2874 1104 2926 et
1124 2869 1512 2925 orthodoxam
1532 2867 1757 2923 virum:
1784 2866 2045 2922 Balaneae

392 2962 465 3019 ob
482 2962 560 3018 Eu
569 2957 1475 3034 phrationem,mirabi1issimum
1492 2956 1792 3012 hominem
1814 2954 2049 3010 :Paltus

392 3056 453 3108 et
498 3050 837 3107 Antaradus
894 3051 1134 3121 propter
1179 3046 1510 3121 Cymatium
1566 3050 1624 3101 et
1668 3044 2045 3101 Carterium:

385 3140 803 3215 Adrianopolis
829 3139 902 3196 ob
933 3137 1279 3210 Eutropium
1301 3136 1516 3193 Christi
1549 3134 2048 3202 amantissimum,

388 3252 456 3296 ac
485 3233 698 3292 deinde
734 3232 807 3289 ob
839 3228 1109 3296 Lucium,
1139 3227 1240 3298 qui
1280 3226 1542 3298 ipsorum
1575 3240 1750 3297 opera
1789 3228 2026 3280 catenas

2153 648 2372 725 ἐχθροῖς
2404 652 2535 727 ὑπὲρ
2563 656 2670 707 τῶν
2706 653 2780 725 μὴ
2815 650 3217 726 συντρεχόντων
3258 649 3444 711 αὐτοῖς
3490 649 3543 705 ἐν
3589 654 3659 724 τῇ
3705 672 3803 706 κα-

2150 738 2498 816 κοφροσῦνῃ;
2563 737 2737 797 Ἀλλὰ
2790 740 3076 810 κακοήθεις
3150 733 3300 801 ὄντες
3367 737 3806 815 σχηματίζονται

2149 831 2373 882 τοιαῦτα
2428 823 2808 903 περιϐομϐεῖν,
2837 828 3175 902 νομίζοντες,
3208 827 3418 898 εὐήθεις
3468 821 3617 890 ὄντες
3664 825 3804 899 ἀλη-

2151 917 2258 978 θῶς
2292 916 2443 971 αὐτοὶ
2492 920 2625 992 (50),
2654 917 2730 980 ὡς
2787 914 2889 991 ἄρα
2946 914 3052 972 δέει
3107 924 3208 986 τῆς
3257 919 3384 993 παρ’
3414 915 3590 972 αὐτῶν
3621 914 3805 973 λοιδο-

2153 1004 2272 1080 ρίας
2325 1006 2663 1082 προσάξομεν
2714 1005 2934 1068 ἑαυτοὺς
2987 1026 3119 1061 ποτε
3176 1004 3382 1068 αὐτοῖς.
3415 1003 3644 1061 Θέλουσι
3676 1007 3803 1082 γὰρ,

2150 1092 2240 1149 καί
2288 1092 2378 1150 διὰ
2422 1100 2584 1150 τοῦτο
2630 1096 2801 1151 πάντα
2841 1096 3227 1171 περιτρέχουσι
3252 1113 3263 1126 ·
3296 1094 3387 1149 καὶ
3426 1094 3806 1169 ὑποκρίνονται

2152 1184 2266 1256 (51)
2295 1184 2389 1257 μὲν
2422 1183 2497 1247 ὡς
2528 1181 2702 1262 φίλοι,
2736 1183 2989 1259 ἐρευνῶσι
3019 1182 3076 1239 δὲ
3106 1185 3181 1242 ὡς
3229 1182 3418 1259 ἐχθροί
3444 1206 3458 1218 ·
3483 1181 3595 1257 ἵνα,
3648 1184 3807 1257 αἰμά-

2148 1293 2256 1326 των
2306 1271 2727 1351 ἐμφορηθέντες,
2760 1271 3004 1329 ἐκποδὼν
3058 1275 3331 1344 ποιήσωσι
3379 1274 3469 1328 καὶ
3516 1276 3689 1347 ἡμᾶς,
3720 1272 3806 1329 ὅτι

2149 1361 2295 1415 κατὰ
2329 1368 2432 1432 τῆς
2488 1357 2733 1425 ἀσεϐείας
2783 1362 2956 1419 αὐτῶν
2995 1361 3368 1440 ἐφρονήσαμεν
3420 1362 3501 1417 ἀεὶ
3548 1363 3639 1418 καὶ
3678 1382 3808 1441 φρο-

2148 1454 2367 1523 νοῦμεν,
2397 1449 2486 1505 καὶ
2513 1452 2613 1522 τὴν
2644 1448 2846 1527 α’ίρεσιν
2886 1449 3061 1508 αὐτῶν
3108 1449 3438 1529 ἐλέγχοντες
3490 1448 3807 1523 στηλιτεύο-

2158 1560 2252 1612 μεν
2262 1584 2273 1597 .

2224 1804 2275 1859 3.
2312 1802 2438 1858 Τίνα
2484 1805 2588 1879 γάρ
2635 1824 2768 1859 ποτε
2797 1802 3086 1868 διώκοντες
3114 1804 3204 1860 καὶ
3232 1799 3636 1868 καταλαϐόντες
3668 1806 3805 1881 (52),

2154 1891 2261 1967 οὐχ
2318 1887 2540 1968 ὕϐρισαν
2586 1893 2662 1956 ὡς
2719 1891 2993 1964 ἠθέλησαν
3021 1912 3035 1965 ;
3065 1895 3188 1950 τίνα
3236 1899 3545 1967 ζητοῦντες,
3576 1893 3666 1950 καὶ
3717 1895 3805 1951 εὑ-

2153 1979 2358 2055 ρόντες,
2394 1980 2499 2056 οὐχ
2529 1980 2702 2045 οὕτως
2752 1979 3026 2054 διέθηκαν,
3059 1983 3134 2046 ὡς
3165 1983 3201 2053 ἢ
3234 1982 3553 2054 τελευτῆσαι
3600 1987 3806 2055 κακῶς,

2150 2069 2185 2138 ἢ
2219 2064 2541 2140 λωϐηθῆναι
2570 2070 2943 2147 πανταχόθεν;
2975 2073 3041 2126 Ἃ
3083 2072 3187 2147 γὰρ
3220 2072 3273 2127 οἱ
3304 2069 3548 2128 δικασταὶ
3589 2070 3809 2128 δοκοῦσι

2152 2163 2349 2228 ποιεῖν,
2406 2160 2555 2214 ταῦτ’
2618 2158 2830 2215 ἐκείνων
2891 2162 3000 2235 (53)
3075 2160 3215 2215 ἐστὶν
3294 2160 3657 2236 ἐνεργήματα,
3716 2160 3808 2216 καὶ

2157 2245 2367 2321 μᾶλλον
2402 2248 2550 2303 οὗτοι
2579 2255 2681 2318 τῆς
2723 2247 2939 2305 ἐκείνων
2987 2250 3354 2326 προαιρέσεως
3402 2251 3492 2306 καὶ
3541 2248 3808 2325 πονηρίας

2154 2337 2285 2392 εἰσὶν
2334 2337 2618 2413 ὑπηρέται.
2657 2343 2819 2402 Ποῖος
2865 2339 3046 2395 τοίνυν
3095 2339 3264 2403 τόπος
3316 2339 3415 2396 οὐκ
3445 2336 3558 2417 ἔχει
3585 2343 3685 2414 τῇς
3715 2359 3810 2394 κα-

2152 2427 2273 2489 κίας
2312 2427 2487 2482 αὐτῶν
2537 2427 2839 2502 ὑπόμνημα
2867 2430 2982 2503 (54)
3008 2447 3022 2499 ;
3052 2428 3175 2485 τίνα
3222 2434 3523 2508 φρονοῦντα
3566 2430 3684 2486 κατ’
3708 2429 3811 2485 αὐ-

2152 2520 2260 2570 τῶν
2311 2515 2372 2570 οὐ
2433 2518 2904 2586 συνεσκευάσαντο,
2938 2515 3283 2592 πλασάμενοι
3330 2520 3628 2597 προφάσεις
3675 2519 3812 2574 κατὰ

2152 2605 2251 2672 τὴν
2283 2599 2516 2671 Ἰεζάϐελ
2550 2622 2564 2673 ;
2601 2603 2739 2658 Ποία
2767 2603 3066 2675 Ἐκκλησία
3094 2611 3181 2661 νῦν
3231 2607 3293 2662 οὐ
3348 2610 3537 2684 θρηνεῖ
3580 2605 3669 2663 διὰ
3712 2609 3809 2672 τὰς

2156 2690 2374 2745 ἐκείνων
2404 2692 2542 2745 κατὰ
2576 2695 2682 2745 τῶν
2733 2691 2908 2747 αὐτῶν
2962 2691 3267 2749 ἐπισκόπων
3310 2692 3645 2766 ἐπιϐουλάς;
3681 2698 3810 2753 Ἀν-

2154 2777 2371 2853 τιόχεια
2405 2779 2498 2851 μὲν
2528 2775 2597 2833 δι’
2628 2778 2918 2833 Εὐστάθιον
2957 2780 3047 2834 τὸν
3099 2780 3460 2857 ὁμολογητήν
3503 2784 3594 2838 καὶ
3649 2784 3808 2859 ὀρθό-

2158 2863 2344 2936 δοξον·
2381 2863 2644 2920 Βαλανέαι
2676 2864 2733 2921 δὲ
2782 2864 2851 2922 δι’
2893 2866 3250 2945 Εὐφρατίωνα
3290 2870 3381 2924 τὸν
3433 2872 3810 2944 θαυμασιώτα-

2154 2978 2247 3013 τον
2282 2976 2295 2989 ·
2346 2955 2438 3012 καὶ
2480 2954 2696 3021 Πάλτος
2756 2958 2851 3029 μὲν
2896 2959 2988 3013 καὶ
3022 2956 3347 3034 Ἀντάραδος
3395 2957 3484 3015 διὰ
3532 2963 3806 3035 Κυμάτιον

2156 3047 2247 3102 καὶ
2298 3046 2627 3124 Καρτέριον’
2677 3049 2713 3117 ἡ
2760 3044 2819 3102 δὲ
2865 3045 3321 3124 Ἀδριανούπολις
3380 3046 3449 3104 δι’
3504 3050 3808 3125 Εὐτρόπιον

2157 3138 2247 3193 τὸν
2280 3134 2660 3216 φιλόχριστον,
2691 3136 2781 3191 καὶ
2810 3136 2899 3191 τὸν
2937 3137 3053 3210 μετ’
3081 3135 3240 3192 αὐτὸν
3275 3137 3527 3207 Λούκιον,
3559 3140 3651 3194 τὸν
3677 3138 3812 3195 πολ-

2162 3224 2321 3288 λάκις
2369 3226 2496 3302 παρ’
2539 3225 2712 3280 αὐτῶν
2756 3223 2846 3280 καί
2876 3222 3093 3289 ἁλύσεις
3144 3226 3465 3305 φορέσαντα,
3494 3227 3585 3283 καὶ
3635 3228 3809 3292 οὕτως

387 3341 544 3399 saape
581 3319 829 3398 gestavit
884 3322 942 3374 et
989 3317 1074 3374 sic
1130 3314 1396 3371 interiit:
1430 3314 1579 3372 255
1613 3314 1756 3370 item
1806 3317 2034 3389 Ancyra

2157 3315 2493 3372 ἀποθανόντα
2523 3334 2536 3347 ·
2587 3315 2677 3369 καὶ
2710 3315 2956 3390 Ἀγκυρα
3008 3314 3101 3389 μὲν
3154 3302 3241 3371 δια
3289 3314 3636 3394 Μάρκελλον,
3669 3317 3810 3393 Βιρ-

387 3417 629 3489 propter
649 3407 1024 3467 Marcellum:
1045 3406 1243 3461 Berma
1262 3404 1337 3460 ob
1358 3407 1567 3477 Cyrum
1590 3419 1603 3459 :
1623 3403 1775 3460 Gaza
1808 3411 2044 3477 prOpter

386 3503 719 3575 Asclepam.
752 3499 823 3555 Et
860 3497 968 3553 hos
995 3495 1256 3568 quidem,
1287 3493 1558 3550 homines
1596 3491 1683 3548 illi
1713 3510 1853 3549 sane
1883 3494 2040 3549 frau-

386 3591 637 3662 dulenti,
658 3586 1031 3646 contumeliis
1063 3584 1223 3658 prios
1254 3584 1492 3640 aﬂ‘ectos
1520 3582 1578 3638 in
1602 3579 1876 3639 exsilium
1910 3583 2043 3639 mit-

385 3682 599 3739 tendos
629 3680 913 3735 curarunt
935 3693 948 3732 :
972 3672 1338 3731 Theodulum
1364 3689 1498 3729 vero
1528 3677 1586 3727 et
1612 3672 1947 3745 Olympium
1979 3672 2038 3729 in

387 3768 637 3827 Thracia
666 3767 1117 3840 episcopos,nos
1148 3763 1289 3819 item
1311 3766 1369 3818 et
1392 3762 1759 3834 presbyteros
1782 3767 2036 3829 nostros,

385 3858 648 3931 undique
678 3853 1105 3929 perquirendos
1127 3854 1457 3924 jusserunt,
1490 3866 1555 3905 eo
1587 3849 1811 3906 scilicet
1839 3851 2037 3908 animo

386 3952 453 4004 ut
478 3945 876 4019 deprehensos
927 3940 1116 4012 capite
1144 3939 1482 4012 plecterent.
1506 3940 1695 4010 Atque
1724 3938 1859 3994 talis
1891 3940 2038 3996 forte

386 4035 558 4092 nobis
586 4033 716 4089 vita
738 4031 929 4088 exitus
952 4029 1181 4094 fuisset,
1212 4027 1325 4082 nisi
1356 4031 1565 4099 praeter
1584 4043 1785 4083 eorum
1808 4033 2037 4085 senten-

386 4124 530 4180 tiam
561 4128 703 4178 tunc
752 4118 1209 4192 aufugissemus.
1244 4116 1305 4171 Id
1353 4116 1509 4172 enim
1542 4116 1802 4172 ferebant
1831 4117 2037 4175 litterae

387 4214 670 4270 adversus
722 4207 1058 4282 Olympium
1117 4206 1189 4263 ad
1251 4205 1661 4279 proconsulem
1718 4207 2032 4279 Donatum,

382 4301 589 4358 littera:
636 4299 777 4355 item
826 4297 1135 4353 adversum
1182 4311 1276 4351 me
1329 4295 1401 4350 ad
1460 4294 1821 4368 Philagrium
1862 4297 2030 4353 datae.

384 4391 690 4448 Enimvero
756 4385 1003 4443 Paulum
1083 4383 1616 4456 Constantinopolis
1690 4384 2032 4457 episcopum

383 4478 697 4554 persecuti,
745 4492 880 4533 cum
938 4474 1312 4546 reperissent,
1360 4472 1573 4528 Cucusi
1628 4472 1689 4527 in
1734 4475 2032 4546 Cappado-

383 4570 474 4626 cia
527 4567 725 4641 palam
784 4562 1143 4637 strangulari
1201 4566 1483 4620 curarunt
1533 4579 1547 4618 :
1600 4562 1873 4620 carniﬁce
1937 4564 2031 4621 usi

600 4765 765 4847 Reg“,
796 4758 1299 4847 ἀνδραγάθισασθαι.
1321 4754 2033 4836 Εάἱῑὶ,’άνδραγαθήσασθαι.

383 4831 1144 4909 Αήεζῖἶᾳ,λάῧδραγαθεῖσθαι.Δ
1169 4899 1185 4909 λ
1207 4899 1223 4909 _
1257 4903 1266 4909 .
1394 4868 1405 4877 .

599 4897 705 4990 Sic.
726 4897 873 4988 Heg...
898 4905 1072 4998 E:diti,
1101 4899 1593 4998 ’Aila‘z‘miﬁpﬁﬁsic
1629 4897 1780 4986 ὄντες

384 4973 561 5033 ιιιύεξτοί⁷
591 4973 1246 5034 omissisintermediis.
1280 4975 1509 5047 Anglic.
1543 4992 1674 5031 vero
1707 4977 1827 5031 sic:
1858 4973 2036 5031 Ἀλλὰ

381 5023 669 5122 κακοήθεις
716 5042 865 5109 ὄντες
910 5045 1315 5122 σχηματίζουσι
1382 5038 1757 5121 περιϐομϐεῖν,
1807 5046 1897 5101 καὶ
1946 5044 2036 5101 διὰ

384 5118 549 5176 τοῦτο
581 5120 770 5191 πάντα,
804 5118 1010 5175 multis
1040 5118 1300 5191 omissis.

453 5192 566 5265 (51)
598 5192 685 5265 Ita
734 5188 875 5265 Reg.
930 5190 1105 5246 Basil.
1132 5189 1386 5265 _Anglic.
1418 5188 1571 5265 Editi
1618 5207 1773 5265 vero,
1805 5189 2035 5265 προτρέ-

311 5280 321 5287 ’
381 5260 561 5340 χοῦσιξ
596 5260 1279 5340 καὶμκρίῆονταιλιηὶηιιέ
1311 5265 1484 5316 recte.
1519 5260 1651 5316 Mox
1698 5260 1764 5316 in
1809 5260 2030 5335 Anglic.

378 5329 795 5410 βοειίέρε-υνῶσι
828 5335 995 5410 deest,
1024 5329 1101 5389 δέ,

451 5402 723 5480 (52)Ἠαιο
753 5406 1045 5480 habentur
1080 5405 1237 5480 apud
1269 5403 1717 5480 nTheodoretum
1748 5402 1785 5459 Ι.
1820 5421 1861 5459 u
1893 5406 2028 5460 Hist.

381 5495 430 5535 c.
456 5469 558 5535 ‘15.,
585 5479 716 5534 Mox
745 5476 994 5550 Anglic.,
1021 5469 1672 5550 xui-lap6a'zvovitssoux.

450 5551 564 5623 (53)
594 5551 686 5605 Sic
717 5543 1039 5623 RegT_Editi
1066 5543 1244 5623 (male,
1276 5543 1664 5623 x11’_éx_s_tvw§f.

449 5613 565 5692 (54)
614 5613 833 5693 Angli
859 5613 1248 5693 ὑπομνήματαξ
1305 5616 1442 5693 Ποία
1478 5613 1779 5693 Ἐηκκλησία
1824 5622 1916 5693 νῦν
1968 5615 2029 5693 οὗ

379 5683 563 5765 θρηνεῖ
619 5683 856 5765 διὰν-τάς
914 5683 1132 5746 ἐκείνων
1188 5683 1745 5765 αὐτῶν-ἐπιϐουλάς,
1791 5690 2031 5747 omissis

379 5761 603 5820 mnitis.
636 5762 745 5831 Qui
793 5766 1123 5837 sequuntur
1150 5779 1281 5821 vero
1311 5761 1595 5836 episcopi,
1626 5766 2032 5821 memorantur

2065 4677 2112 4742 D

2152 3404 2276 3481 ῥοια
2332 3402 2390 3459 δὲ
2438 3400 2527 3459 διὰ
2578 3408 2771 3479 Κῦρον,
2812 3404 2902 3459 καὶ
2962 3404 3105 3473 Γάζα
3163 3402 3232 3460 δι’
3293 3403 3611 3477 Ἀσκληπᾶν

2149 3493 2383 3556 Τούτους
2445 3494 2540 3568 μὲν
2599 3494 2705 3570 γὰρ
2756 3491 2943 3548 πολλὰ
3008 3492 3271 3571 πρότερον
3351 3488 3686 3571 ὑϐρίσαντες,
3732 3495 3812 3567 ἐξ·

2151 3583 2431 3659 ορισθῆναι
2479 3584 2840 3653 πεποιήκασιν
2900 3582 2953 3637 οἱ
2997 3579 3222 3637 δόλιοι·
3270 3580 3571 3638 Θεόδουλον
3614 3580 3673 3639 δὲ
3718 3583 3810 3640 καὶ

2150 3668 2451 3743 Ὀλύμπιον
2512 3668 2617 3723 ἀπὸ
2674 3675 2775 3739 τῆς
2844 3669 3063 3746 Θρᾴκης
3133 3668 3462 3733 ἐπισκόπους
3522 3673 3659 3745 (56),
3717 3672 3809 3727 καὶ

2148 3761 2318 3832 ἡμᾶς,
2366 3757 2457 3813 καὶ
2506 3753 2908 3835 πρεσϐυτέρους
2952 3757 3278 3835 ἡμετέρους,
3312 3758 3484 3823 οὕτως
3545 3759 3807 3832 ἐποίησαν

2151 3849 2470 3920 ζητηθῆναι,
2522 3847 2682 3916 ὥστε,
2735 3848 2780 3903 εἰ
2836 3847 3206 3923 εὑρεθείημεν,
3256 3846 3502 3928 κεφαλῆς
3564 3849 3803 3921 ὑποστῆ-

2146 3959 2230 3992 ναι
2260 3937 2552 4012 τιμωρίαν.
2586 3936 2684 3992 Καὶ
2712 3939 2859 4014 τάχα
2900 3935 2959 3992 ἂν
3015 3938 3344 4012 ἀπεθάνομεν
3396 3939 3592 4013 οὕτως,
3627 3940 3673 3995 εἷ
3724 3942 3800 4015 μὴ

2145 4028 2291 4098 παρὰ
2342 4027 2570 4102 γνώμην
2622 4026 2796 4081 αὐτῶν
2867 4025 3135 4105 ἐφύγομεν
3201 4028 3292 4083 καὶ
3367 4027 3510 4085 τότε.
3571 4034 3804 4086 Τοιαῦτα

2145 4116 2248 4192 γάρ
2298 4116 2409 4170 ἐστι
2454 4117 2522 4170 τὰ
2569 4116 2663 4190 μὲν
2711 4117 2849 4191 κατὰ
2891 4120 2999 4173 τῶν
3040 4116 3166 4193 περὶ
3201 4114 3500 4191 Ὀλύμπιον
3544 4120 3681 4196 πρὸς
3710 4120 3803 4175 τὸν

2145 4205 2440 4260 ἀνθύπατον
2492 4210 2762 4275 Δωνᾶτον,
2818 4206 2886 4260 τὰ
2933 4202 2991 4260 δὲ
3047 4203 3175 4260 καθ⁷
3214 4209 3374 4280 ἡμῶν
3431 4209 3568 4282 πρὸς
3626 4207 3801 4263 Φιλά-

2143 4316 2298 4372 γριον
2353 4291 2576 4350 δοθέντα
2626 4294 2945 4369 γράμματα.
3000 4296 3098 4351 Τὸν
3151 4296 3254 4371 γὰρ
3311 4303 3413 4366 τῆς
3472 4303 3804 4354 Κωνσταντι-

2141 4382 2458 4446 νουπόλεως
2488 4386 2598 4458 (57)
2632 4382 2924 4439 ἐπίσκοπον
2975 4382 3190 4440 Παῦλον
3242 4384 3529 4457 διώξαντες
3574 4389 3666 4443 καὶ
3714 4388 3803 4444 εὑ-

2143 4474 2349 4550 ρόντες,
2398 4477 2687 4552 προφανῶς
2767 4473 3143 4551 ἀποπνιγῆναι
3213 4478 3573 4546 πεποιήκασιν
3634 4474 3686 4532 ἐν
3730 4480 3802 4553 τῇ

2141 4563 2412 4640 λεγομένῃ
2443 4566 2733 4635 Κουκουσῷ
2780 4570 2881 4633 τῆς
2930 4561 3338 4635 Καππαδοκίας,
3372 4561 3573 4639 δήμιον
3632 4565 3801 4644 ἐσχη-

2146 4764 2287 4837 item
2320 4763 2432 4837 sub
2461 4761 2696 4837 initium
2749 4762 3010 4837 Epistolas
3059 4763 3129 4818 ad
3177 4762 3467 4837 Scutarios
3495 4781 3514 4819 :
3545 4764 3648 4837 sed
3697 4765 3800 4837 qui

2147 4833 2753 4912 dicitur__Eupbration
2784 4831 3191 4912 Balanearum,
3227 4836 3304 4912 ibi
3339 4831 3654 4912 ξξύφρατίιον
3688 4831 3803 4912 ὁξέν

2146 4902 2416 4995 gelavcrit:
2457 4902 2789 4995 ‘pe‘rperam
2871 4910 3130 4995 vocatur;
3178 4902 3465 4995 "Anglici;
3533 4903 3798 4995 Βαλανία,

2150 4975 2501 5050 Τῇθοάοῐεῑ,
2530 4975 2843 5050 Βαλαναῖαι.
2878 4978 3008 5050 M0);
3060 4977 3227 5047 illud,
3274 4975 3363 5031 τὸν
3414 4977 3799 5050 θαυμασιώτα-

2142 5070 2260 5117 τον,
2290 5051 2454 5105 deest
2481 5049 2542 5103 in
2573 5048 2824 5119 Anglic,
2848 5065 2954 5103 nec
2986 5048 3200 5105 lectum
3232 5055 3322 5106 est
3350 5067 3383 5106 a
3415 5048 3665 5106 Nannio.
3692 5051 3804 5107 Ibi-

2145 5116 2277 5178 dem
2334 5119 2585 5193 Angl_ic.,
2642 5116 2875 5193 Βόλτος,
2930 5121 3313 5193 Nanniusque
3359 5122 3531 5178 vertit
3578 5123 3799 5192 But/us,

2145 5189 2493 5249 Theodoreti
2520 5189 2691 5249 vetus
2735 5192 2912 5247 editio
2944 5189 3164 5253 Πόντος.
3201 5189 3418 5251 Omnes
3447 5193 3547 5250 alii
3578 5189 3804 5253 rectius

2144 5260 2381 5336 Πάλτος,
2413 5268 2655 5336 eratque
2686 5264 2827 5319 urbs
2857 5264 3054 5335 Syria.

2215 5336 2328 5407 (55)
2358 5334 2608 5407 Anglic},
2642 5334 2940 5407 ’Amcﬁ'mv.

2215 5401 2610 5531 (ὗξὶέοὲἐίοά
2644 5401 2860 5482 Θρᾴκης
2921 5401 3078 5468 ὄντας
3128 5404 3213 5461 ἐπ.
3244 5407 3375 5464 Mox
3422 5407 3803 5479 Theodoret.,

2140 5497 2230 5531 και
2260 5497 2409 5539 ημας
2441 5497 2529 5539 οη.

2215 5518 2632 5625 (5ἶθῑῖδννσιγάρ-
2662 5555 2765 5625 τῇς
2824 5546 3470 5625 Κωνσταν-τινουπόλεως,
3514 5554 3642 5625 etc._
3666 5550 3807 5625 Hac

2142 5621 2437 5697 habentur
2483 5621 3034 5697 apudg'l‘heodoret.
3067 5621 3106 5678 l.
3141 5638 3205 5694 II,
3237 5637 3288 5679 c.
3318 5622 3372 5694 5,
3404 5628 3462 5680 et
3489 5622 3648 5697 apud
3695 5624 3802 5681 Ni-

2142 5692 2309 5783 ceph.
2344 5691 2381 5750 l.
2418 5710 2490 5766 Ix,
2521 5691 2574 5753 ὃ.
2604 5694 2694 5753 30.
