4132 6378
351 417 469 483 651

898 423 966 486 S.
1015 423 1435 487 ATHANASII
1481 422 1654 487 OPP.
1699 422 1897 486 PARS
1941 421 1986 486 Ι.
2024 454 2102 468 -
2129 421 2553 487 HISTORICA
2598 422 2700 487 ET
2744 423 3230 490 DOGMATIGA.

3650 423 3775 490 652

427 560 482 616 6.
516 559 649 617 Post
678 558 801 616 haec
831 559 987 616 enim
1016 558 1421 616 Alexandriam
1454 577 1661 616 rursus
1693 560 1998 628 invadunt,

2181 557 2234 612 6.
2269 555 2500 611 Ἐκεῖθεν
2549 557 2652 634 γάρ
2693 557 2781 613 καὶ
2841 558 2918 621 εἰς
2971 560 3070 628 τὴν
3129 553 3534 634 Ἀλεξάνδρειαν
3594 557 3765 615 πάλιν

365 667 591 723 nosque
623 651 814 707 denuo
835 651 906 706 ad
933 666 1133 706 necem
1170 650 1555 722 perquirunt:
1582 652 1849 723 factaque
1873 654 2011 706 sunt

363 741 518 798 256
571 741 880 813 presentia
935 740 1229 811 prioribus
1278 742 1496 811 pejora.
1533 739 1743 795 Milites
1792 740 2010 812 quippe

361 830 669 900 derepente
701 830 1004 885 ecclesiam
1036 830 1313 885 obsedere
1348 848 1360 885 :
1395 828 1755 901 bellicusque
1789 827 2007 884 tumul-

359 922 458 975 tus
487 919 609 974 vice
635 935 872 991 precum
904 923 1137 974 exortus
1167 922 1274 974 est.
1300 918 1519 973 Dehinc
1541 918 2010 991 Quadragesimae

360 1012 622 1080 tempore
671 1008 977 1080 ingressus
1013 1007 1298 1079 Georgius
1345 1025 1375 1064 e
1423 1007 1803 1080 Cappadocia,
1855 1006 2011 1062 mala

360 1113 487 1168 quae
510 1114 544 1152 a
566 1097 864 1169 magistris
887 1096 1006 1152 illis
1028 1098 1268 1152 edoctus
1289 1097 1478 1152 fuerat
1499 1097 1754 1152 adauxit.
1782 1096 2009 1152 Etenim

360 1191 495 1258 post
523 1186 952 1242 hebdomadam
986 1187 1306 1252 Paschalis,
1330 1186 1585 1259 virgines
1626 1186 1685 1241 in
1719 1202 2009 1241 carcerem

362 1275 593 1346 conjici,
626 1276 934 1348 episcopos
976 1295 1010 1332 a
1057 1276 1347 1332 militibus
1379 1277 1606 1332 vinctos
1653 1274 1884 1341 abduci,
1917 1291 2008 1329 or-

362 1364 692 1436 phanorum
749 1364 1177 1434 viduarumque
1223 1366 1428 1420 domos
1479 1369 1536 1420 et
1584 1381 1764 1436 panes
1812 1363 2008 1435 diripi,

363 1453 724 1526 irruptiones
767 1454 827 1509 in
859 1455 1066 1510 domos
1095 1455 1242 1520 ﬁeri,
1271 1459 1442 1509 noctu
1473 1453 1834 1508 Christianos
1864 1451 2012 1522 deji-

363 1545 437 1614 ci,
469 1544 677 1600 domos
707 1544 1025 1617 obsignari,
1060 1545 1266 1599 fratres
1311 1543 1653 1600 clericorum
1685 1560 1787 1615 pro
1821 1542 2011 1597 fratri-

361 1633 472 1688 bus
506 1633 843 1705 periclitari.
865 1637 996 1688 Haec
1042 1633 1281 1704 quidem
1323 1634 1562 1703 atrocia,
1595 1633 1696 1689 sed
1728 1631 2013 1688 atrociora

361 1721 572 1777 deinde
602 1726 915 1778 consecuta
957 1727 1095 1778 sunt
1143 1723 1402 1778 facinora
1432 1739 1445 1778 :
1480 1739 1616 1778 nam
1649 1721 2013 1777 hebdomade

360 1815 496 1882 post
543 1815 806 1867 sanctam
857 1811 1254 1880 Pentecosten,
1297 1828 1430 1867 cum
1476 1811 1750 1884 populus,
1785 1811 2011 1882 expleto

351 1899 603 1971 jejunio,
649 1901 852 1956 orandi
911 1917 1091 1957 causa
1148 1902 1219 1956 ad
1279 1901 1678 1957 cmmeterinm
1735 1916 2010 1974 egressus
2042 1943 2092 2008 Β

359 1993 534 2058 esset,
562 1990 718 2061 quod
750 2006 953 2046 omnes
976 2007 1010 2046 a
1034 1989 1264 2061 Georgii
1291 1990 1704 2047 communione
1733 1990 2012 2046 abhorre-

360 2083 494 2134 rent
518 2095 530 2134 :
557 2095 617 2135 re
637 2083 935 2150 comperta
955 2079 1447 2136 sceleratissimus
1469 2079 1583 2147 ille,
1600 2078 2011 2136 Sebastianum

364 2167 592 2235 ducem,
625 2168 1011 2224 Manichaeum
1053 2168 1376 2239 hominem,
1419 2167 1668 2224 concitat
1698 2185 1712 2224 :
1748 2168 1848 2240 qui
1881 2185 2014 2223 mox

363 2272 498 2312 cum
533 2261 732 2314 turma
775 2257 1056 2325 militum,
1085 2274 1268 2325 arma,
1303 2257 1535 2314 strictos
1564 2256 1809 2330 gladios,
1843 2273 2015 2313 arcus

363 2351 420 2401 et
447 2347 565 2403 tela
612 2347 945 2416 ferentium,
976 2347 1106 2418 ipsa
1152 2346 1454 2403 Dominica
1483 2347 1576 2403 die
1623 2347 1682 2402 in
1729 2346 2013 2420 populum

363 2435 596 2507 irrupit,
620 2435 940 2508 paucisque
970 2435 1088 2492 illic
1119 2437 1178 2491 in
1205 2437 1463 2492 oratione
1489 2436 1732 2508 repertis
1752 2435 2014 2508 (plurimi

361 2542 620 2598 namque
643 2526 982 2582 adveniente
1003 2525 1145 2581 hora
1177 2527 1579 2596 recesserant),
1603 2526 1744 2581 talia
1764 2524 2013 2582 commi-

361 2614 440 2670 sil.
461 2615 742 2681 facinora,
761 2615 961 2687 qualia
981 2615 1170 2670 virum
1193 2616 1435 2671 decebat
1457 2615 1690 2671 Arianis
1710 2615 2015 2686 obtempe-

361 2710 611 2760 rantem.
646 2704 794 2761 Nam
841 2721 1084 2760 accenso
1131 2721 1269 2776 rogo
1310 2705 1567 2777 virgines
1597 2703 1714 2774 igni
1747 2704 2015 2758 admotas

365 2793 640 2867 adigebat
668 2797 734 2849 ut
765 2793 1044 2862 dicerent,
1069 2810 1130 2849 se
1152 2794 1431 2850 Arianicze
1461 2792 1594 2848 ﬁdei
1629 2807 1758 2847 esse
1782 2808 1794 2845 :
1823 2796 1890 2846 ut
1918 2808 2017 2846 au-

362 2887 482 2940 tem
515 2900 614 2940 eas
642 2883 756 2938 vim
786 2899 1082 2954 superare,
1115 2882 1427 2954 ignemque
1475 2880 1621 2936 nihil
1652 2897 1854 2935 curare
1883 2880 2010 2935 ani-

367 2973 698 3038 madvertit,
727 2973 979 3028 nudatas
1027 2973 1239 3028 iterum
1273 2973 1352 3026 ita
1382 2971 1441 3026 in
1498 2969 1703 3026 faciem
1752 2969 1920 3024 caedit
1950 2973 2014 3024 ut

365 3079 469 3134 per
497 3061 864 3133 aliquantum
896 3061 1180 3133 temporis
1209 3059 1302 3115 vix
1332 3057 1596 3131 dignosci
1628 3062 1887 3129 possent.

2122 642 2451 723 ἐπεφύησαν,
2513 651 2798 716 ζητοῦντες
2857 647 3022 703 πάλιν
3079 651 3231 722 ἡμᾶς
3295 649 3628 719 ἀποκτεῖναι,
3686 649 3802 704 καὶ·

2119 735 2312 810 γέγονε
2361 735 2588 812 χείρονα
2631 739 2698 792 τὰ
2744 741 2835 792 νῦν
2875 742 2983 792 τῶν
3017 739 3295 812 προτέρων
3325 740 3436 812 (66)
3496 743 3773 812 Στρατιῶ-

2115 845 2202 878 ται
2262 825 2364 900 γὰρ
2407 823 2658 904 ἐξαίφνης
2715 828 2814 896 τήν
2877 826 3168 898 ἐκκλησίαν
3221 824 3555 901 ἐκύκλωσαν,
3589 828 3776 882 καὶτὰ

2116 918 2222 968 τῶν
2273 911 2533 986 πολέμων
2581 915 2698 970 ἀντὶ
2745 920 2850 970 τῶν
2901 916 3078 992 εὐχῶν
3112 915 3342 991 ἐγίνετο.
3376 915 3485 971 Εἶτ’
3517 914 3772 972 εἰσελθὼν

2118 1004 2230 1076 (67)
2260 1007 2328 1076 τῇ
2381 1008 2788 1079 Τεσσαρακοστῇ
2839 1005 2866 1060 ὁ
2914 1006 3039 1080 παρ’
3096 1005 3270 1061 αὐτῶν
3333 1004 3658 1070 ἀποσταλεὶς
3718 1006 3779 1062 ἐκ

2119 1089 2503 1155 Καππαδοκίας
2562 1095 2855 1169 Γεώργιος,
2905 1092 3133 1166 ηὔξησεν
3184 1094 3217 1149 ἃ
3263 1115 3371 1170 παρ
3446 1095 3621 1151 αὐτῶν
3686 1117 3777 1169 με·

2124 1183 2332 1255 μάθηκε
2378 1184 2536 1238 κακά.
2569 1185 2716 1237 Μετὰ
2765 1185 2869 1260 γὰρ
2923 1185 2991 1238 τὰ
3033 1186 3144 1259 (68)
3176 1179 3389 1258 ἓϐδομα
3441 1189 3539 1240 τοῦ
3581 1186 3779 1262 Πάσχα

2118 1271 2369 1347 παρθένοι
2456 1271 2531 1334 εἷς
2609 1269 2987 1345 δεσμωτήριον
3076 1268 3399 1345 ἐϐάλλοντο,
3487 1273 3777 1330 ἐπίσκοποι

2118 1357 2323 1436 ἤγοντο
2374 1361 2476 1416 ὑπὸ
2531 1367 2874 1435 στρατιωτῶν
2936 1359 3233 1436 δεδεμένοι,
3270 1362 3516 1441 ὀρφανῶν
3548 1363 3638 1419 καί
3666 1385 3776 1441 χη-

2122 1454 2226 1525 ρῶν
2278 1451 2589 1525 ἡρπάζοντο
2639 1450 2806 1505 οἰκίαι
2854 1449 2944 1506 καί
2998 1449 3148 1526 ἄρτοι
3206 1455 3340 1523 (69),
3401 1450 3585 1530 ἔφοδοι
3643 1455 3780 1509 κατά

2118 1543 2224 1593 τῶν
2275 1538 2460 1592 οἰκιῶν
2511 1538 2773 1615 ἐγίνοντο,
2805 1540 2895 1594 καὶ
2945 1541 3136 1602 νυκτὸς
3186 1542 3239 1595 οἱ
3285 1542 3602 1618 Χριστιανοὶ
3648 1563 3777 1598 κατ-

2121 1629 2395 1706 εφέροντο,
2451 1628 2950 1708 ἐπεσφραγίσθησαν
2994 1629 3183 1702 οἰκίαι,
3218 1631 3307 1685 καὶ
3358 1627 3588 1710 ἀδελφοὶ
3635 1630 3776 1704 κλη-

2121 1722 2284 1793 ρικῶν
2335 1717 2466 1794 ὑπὲρ
2512 1722 2618 1772 τῶν
2667 1716 2914 1797 ἀδελφῶν
2964 1717 3321 1778 ἐκινδύνευον.
3353 1719 3454 1776 Καὶ
3495 1719 3643 1777 δεινὰ
3679 1722 3774 1796 μὶν

2117 1812 2305 1880 ταῦτα,
2340 1805 2702 1885 δεινότεραδέ
2743 1811 2811 1864 τὰ
2863 1811 2996 1883 μετὰ
3042 1815 3210 1865 ταῦτα
3256 1808 3594 1885 τολμήματα
3624 1814 3738 1888 (70)
3762 1834 3775 1848 ⁸

2119 1901 2188 1970 τῇ
2244 1899 2347 1972 γὰρ
2407 1893 2670 1971 ἑϐδομάδι
2747 1899 2881 1971 μετᾶ
2933 1900 3033 1969 τὴν
3093 1899 3249 1976 ἆγίαν
3306 1903 3686 1972 Πεντηκοστὴν
3749 1903 3779 1958 ὁ

2123 1984 2252 2042 λαὸς
2304 1985 2601 2058 νηστεύσας
2661 1985 2853 2058 ἐξῆλθε
2907 1988 3032 2063 περὶ
3085 1989 3148 2044 τὸ
3206 1993 3574 2067 κοιμητήριον
3629 1987 3778 2063 εὕξαυ

2123 2078 2240 2132 σθαι
2299 2079 2434 2150 (71),
2483 2074 2572 2132 διὰ
2626 2077 2690 2132 τὸ
2746 2079 2950 2141 πάντας
2998 2079 3426 2158 ἀποστρέφεσθαι
3481 2082 3581 2151 τὴν
3641 2083 3780 2158 πρὸς

2124 2167 2392 2241 Γεώργιον
2433 2167 2718 2222 κοινωνίαν
2755 2185 2768 2198 °
2802 2165 2950 2222 ἀλλᾶ
2993 2172 3155 2224 τοῦτο
3207 2170 3389 2243 μαθὼν
3433 2170 3461 2225 ὁ
3492 2171 3784 2245 παμπόνη-

2124 2275 2215 2330 ρος
2265 2254 2444 2327 αύτὸς,
2479 2256 2765 2333 παροξύνει
2821 2257 2914 2312 τὸν
2965 2257 3344 2332 στρατηλάτην
3397 2254 3782 2333 Σεϐαστιανὸν,

2122 2349 2425 2420 Μανιχαῖον
2462 2340 2607 2416 ὄντα,
2641 2347 2730 2401 καὶ
2763 2344 2957 2402 λοιπὸν
2994 2348 3154 2411 αὐτὸς
3190 2350 3324 2422 μετὰ
3351 2347 3601 2421 πλήθους
3632 2371 3784 2426 στρα-

2120 2439 2354 2502 τιωτῶν,
2387 2432 2535 2490 ὅπλα
2589 2437 2677 2490 καὶ
2735 2435 2859 2514 ξίφη
2911 2440 3111 2513 γυμνά,
3169 2437 3257 2492 καί
3312 2438 3440 2510 τόξα
3494 2440 3583 2494 καὶ
3645 2439 3778 2516 βέλη

2124 2523 2420 2600 φερόντων,
2455 2523 2712 2601 ὥρμησεν
2764 2525 2814 2580 ἐν
2875 2525 3011 2600 αὐτῇ
3072 2531 3142 2601 τῇ
3201 2531 3442 2602 Κυριακῇ
3497 2531 3634 2586 κατὰ
3676 2535 3785 2586 τῶν

2125 2610 2314 2666 λαῶν·
2354 2611 2444 2666 καὶ
2500 2612 2725 2687 ὀλίγους
2783 2615 2956 2690 εὑρὼν
3013 2615 3350 2689 εὐχομένους
3381 2617 3459 2688 (oi.
3515 2620 3618 2695 γάρ
3671 2622 3784 2694 (72)

2122 2697 2373 2754 πλεῖστοι
2405 2697 2599 2754 λοιπὸν
2633 2698 2721 2754 ’διᾶ
2748 2701 2848 2770 τὴν
2895 2701 3038 2774 ὥραν
3091 2705 3550 2780 ἀναχωρήσαντες
3600 2709 3781 2781 ἦσαν),

2120 2792 2344 2842 τοιαῦτα
2412 2789 2721 2862 εἰργάσατο,
2774 2791 2862 2843 οἶα
2911 2797 3036 2866 παρ’
3080 2790 3255 2846 αὐτῶν
3321 2790 3546 2867 ἔπρεπεν
3617 2795 3781 2852 ἀκού-

2125 2898 2285 2932 σαντα
2357 2878 2572 2951 πρᾶξαι.
2631 2879 2902 2953 Πυρκαϊᾶν
2956 2881 3060 2956 γὰρ
3130 2881 3354 2955 ἀνάψας,
3418 2881 3507 2936 καὶ
3580 2887 3782 2954 στήσας

2124 2965 2419 3043 παρθένους
2496 2970 2642 3044 παρὰ
2707 2968 2768 3022 τὸ
2825 2973 2954 3041 πῦρ,
3013 2970 3288 3040 ἠνάγκαζε
3363 2969 3542 3046 λέγειν
3619 2972 3781 3035 αὐτὰς

2127 3059 2236 3130 (73)
2265 3062 2366 3124 τῆς
2397 3056 2608 3131 Ἀρείου
2653 3056 2887 3119 πίστεως
2947 3057 3121 3112 εἶναι’
3157 3059 3233 3120 ὡς
3295 3056 3352 3114 δὲ
3399 3060 3633 3123 νικώσας
3690 3061 3783 3116 αύ-

359 3151 456 3212 τάς
514 3144 731 3220 ἔϐλεπε,
782 3147 871 3204 καί
925 3150 999 3222 μὴ
1061 3146 1452 3226 φροντιζούσας
1507 3151 1605 3201 τοῦ
1657 3147 1851 3220 πυρὸς,
1911 3146 2202 3220 γυμνώσας
2263 3143 2482 3216 λοιπόν,
2535 3145 2708 3208 οὕτως
2766 3147 3059 3221 κατέκοψεν
3112 3147 3189 3210 εἷς
3236 3149 3304 3202 τά
3361 3147 3648 3224 πρόσωπα,
3709 3151 3782 3213 ὡς

368 3240 502 3312 μετὰ
529 3237 729 3314 χρόνον
768 3238 926 3312 μόγις
957 3237 1120 3298 αὐτας
1154 3235 1574 3311 ἐπιγνωσθῆναι.

429 3331 486 3384 7.
511 3329 682 3385 Viros
710 3333 904 3384 autem
934 3327 1338 3400 quadraginta
1359 3325 1835 3399 comprehensos,
1861 3325 2014 3381 inso-
2044 3329 2086 3395 C

362 3417 608 3474 lentiore
640 3418 812 3473 modo
859 3415 1228 3472 verberavit:
1263 3432 1401 3471 nam
1451 3414 1630 3487 virgis
1683 3414 2015 3486 palmarum

363 3523 567 3565 recens
597 3505 942 3578 amputatis,
977 3505 1193 3578 quibus
1240 3505 1432 3561 adhuc
1480 3502 1667 3560 aculei
1698 3503 2012 3572 haerebant,

362 3598 447 3654 sic
488 3614 691 3670 eorum
733 3600 898 3667 terga
943 3595 1236 3662 laceravit,
1270 3600 1334 3651 ut
1371 3593 1637 3651 nonnulli
1689 3595 1762 3650 ob
1810 3593 2020 3650 inﬁxos

365 3687 598 3743 aculeos
629 3685 837 3741 medici
871 3702 1045 3757 opera
1075 3685 1288 3757 saepius
1318 3685 1608 3757 eguerint,
1630 3683 1749 3740 imo
1776 3683 2018 3755 quidam

365 3777 484 3831 vim
517 3775 824 3848 plagarum
877 3792 993 3830 non
1045 3773 1298 3829 ferentes
1347 3773 1620 3828 exstincti
1672 3773 1810 3828 sint.
1846 3772 2020 3828 Porro

366 3869 655 3937 quotquot
694 3863 1220 3936 apprehenderant,
1256 3878 1374 3916 una
1422 3877 1557 3916 cum
1588 3861 1916 3932 virginibus
1947 3861 2019 3916 ad

368 3971 644 4026 magnam
678 3953 1015 4023 relegarunt
1043 3951 1237 4006 Oasin.
1272 3950 1471 4020 Neque
1521 3949 1690 4004 initio
1720 3966 2020 4005 concesse-

370 4045 510 4098 runt
542 4046 605 4096 ut
635 4042 1046 4096 defunctorum
1077 4053 1321 4109 corpora
1348 4037 1612 4109 cognatis
1653 4038 1779 4094 suis
1828 4038 2020 4093 trade-

371 4133 608 4196 rentur,
643 4128 743 4184 sed
775 4127 905 4200 ipsa
935 4126 1216 4181 arbitratu
1258 4141 1364 4180 suo
1395 4125 1762 4182 occultarunt
1791 4127 2020 4198 abjece-

371 4221 624 4289 runtque
655 4215 949 4288 insepulta
977 4233 989 4270 :
1024 4214 1132 4270 rati
1167 4213 1250 4270 sic
1281 4231 1453 4285 posse
1486 4232 1654 4270 suam
1685 4214 1866 4270 latere
1896 4232 2022 4270 cru-

369 4307 686 4365 delitatem.
713 4309 839 4372 Qua
887 4305 945 4358 in
978 4321 1039 4360 re
1086 4305 1360 4361 vecordes
1407 4303 1492 4359 illi
1545 4321 1756 4377 magno
1809 4303 2022 4360 mentis

363 4414 558 4455 errore
589 4395 976 4453 tenebantur:
1001 4410 1138 4450 nam
1171 4410 1305 4450 cum
1335 4394 1746 4450 defunctorum
1780 4393 2013 4466 cognati

369 4490 441 4544 de
462 4503 704 4543 suorum
728 4485 966 4556 quidem
985 4483 1350 4540 confessione
1367 4485 1709 4556 gauderent,
1732 4484 2024 4556 lugerent-

374 4594 487 4650 que
516 4581 712 4632 tamen
745 4575 819 4630 ob
863 4574 1156 4630 subducta
1188 4589 1453 4645 corpora,
1485 4573 1605 4629 haec
1655 4589 1795 4629 sane
1844 4589 2025 4629 causa

372 4776 741 4854 enarrantur,
774 4771 969 4854 hab-es
993 4771 1312 4854 etiumhsub
1353 4771 1528 4826 ﬁnem
1564 4771 1845 4843 Apologia“;
1874 4787 2023 4844 prae-
2057 4787 2104 4854 Β

375 4846 654 4910 cedentis,
686 4848 744 4899 et
774 4842 833 4898 in
867 4843 1037 4914 Epist.
1070 4842 1141 4899 ad
1169 4842 1323 4914 Solit.

445 4919 555 4989 (66)
586 4918 805 4989 Soc_rat.
838 4911 1072 4982 etiNic”
1103 4913 1405 4989 1i_’5nepq
1444 4911 1686 4989 χείροναΔ
1711 4917 1820 4967 τῶν
1870 4915 2022 4989 πρῗῴτ

370 4984 501 5045 των.
534 4993 661 5044 Mox
687 4987 826 5058 Reg.
850 4991 1015 5058 Socr.
1049 4991 1106 5042 et
1136 4986 1277 5055 Nic.,
1309 4984 1399 5038 καὶ
1443 4984 1508 5039 τά
1541 4984 1838 5058 πολέμων·
1874 4984 2023 5042 Ε’άὶῐί

372 5060 461 5116 καὶ
491 5060 558 5114 τά
586 5064 694 5114 τῶν
718 5055 999 5128 πολέμων.

443 5133 557 5204 (67)
589 5129 705 5204 Εἴτῖ
729 5125 1003 5184 εἰσελθών.
1032 5127 1134 5204 _Sic
1191 5129 1343 5204 Reg._
1376 5131 1535 5204 Socr.
1578 5133 1646 5204 _et
1697 5129 2024 5204 Nic.___Editi

372 5200 615 5276 vero,'et
643 5200 1052 5276 T_heod_._apud
1102 5200 1290 5271 quem
1331 5201 1449 5256 hinc
1497 5202 1790 5256 habentur
1820 5201 1923 5256 lib.
1960 5219 2021 5270 II,

370 5271 519 5342 capf
534 5277 621 5342 14,
657 5274 770 5327 εἶτα
801 5271 994 5326 ἐλθών.

465 5350 557 5413 68)
589 5347 684 5403 Sic
711 5346 869 5401 Socr.
901 5345 1026 5399 Nic.
1055 5347 1325 5413 ret_mss.;
1360 5343 1418 5398 in
1449 5342 1620 5399 editis
1649 5343 1716 5396 τά
1745 5343 1926 5400 deest.

446 5409 557 5488 (69)
592 5421 652 5473 ln
709 5417 927 5472 Theod.
979 5412 1068 5467 καὶ
1116 5409 1480 5488 ἄρτοι-(18881).

445 5482 556 5561 (70)
587 5492 854 5544 Socrates
886 5488 1118 5561 etiNic.,
1148 5482 1556 5561 τετολμημένα.

448 5557 559 5629 (71⁷)
592 5562 760 5614 Ritus
790 5560 994 5615 orandi
1026 5559 1084 5612 in
1118 5559 1463 5612 cmmeteriis
1490 5557 1642 5628 apud
1675 5557 2022 5613 ecclesiasti-

379 5649 477 5688 cos
509 5635 822 5700 scriptores
854 5647 1003 5702 saepe
1033 5630 1320 5702 occurrit:
1347 5630 1429 5684 sic
1456 5629 1512 5683 in
1539 5631 2027 5684 Constztutz‘o/zibus

377 5705 631 5775 apostol.,
664 5703 762 5756 lib.
792 5720 912 5770 vm,
937 5700 995 5758 'c.
1025 5702 1114 5768 30,
1143 5700 1296 5756 circa
1344 5702 1500 5772 quod
1551 5703 1679 5756 vide
1721 5706 1889 5758 notas
1920 5702 2024 5757 Co-

375 5774 584 5831 telerii.

2193 3327 2247 3380 7.
2301 3321 2536 3395 Ἀνδρας
2595 3321 2654 3378 δὲ
2704 3325 2980 3400 κρατήσας
3033 3326 3453 3400 τεσσαράκοντα,
3485 3327 3786 3401 καινοτέρῳ

2123 3413 2312 3489 τρόπῳ
2341 3413 2605 3487 κατέκοψε
2630 3435 2642 3447 ·
2691 3409 2925 3489 ῥάϐδους
2971 3415 3075 3490 γὰρ
3126 3415 3224 3476 τὰς
3255 3414 3361 3470 ἀπὸ
3389 3420 3495 3470 τῶν
3530 3415 3784 3495 φοινίκων

2125 3501 2277 3565 εὐθὺς
2326 3504 2529 3576 τεμὼν,
2565 3501 2617 3557 ἐν
2663 3501 2849 3566 αὐταῖς
2899 3502 3153 3580 ἐχούσαις
3203 3506 3316 3579 (74)
3361 3503 3439 3560 ἔτι
3485 3504 3614 3568 τοὺς
3658 3505 3789 3561 σκό-

2130 3591 2305 3654 λοπας
2362 3593 2430 3646 τὰ
2477 3597 2624 3646 νῶτα
2677 3591 2885 3647 τούτῶν
2944 3591 3124 3657 οὕτως
3183 3591 3465 3668 ἐξέδειρεν,
3507 3595 3583 3658 ὡς
3637 3598 3786 3659 τινὰς

2134 3682 2227 3756 μὲν
2259 3680 2532 3744 πολλάκις
2565 3684 3032 3758 χειρουργηθῆναι
3087 3679 3176 3737 διὰ
3226 3682 3355 3746 τοὺς
3417 3683 3787 3761 ἐναποπαγέν-

2128 3792 2224 3834 τας
2255 3773 2367 3845 (75)
2401 3771 2450 3826 ἐν
2501 3771 2685 3833 αὐτοῖς
2735 3769 3034 3840 σκόλοπας,
3061 3773 3213 3834 τινὰς
3263 3769 3321 3827 δὲ
3358 3773 3450 3828 καὶ
3486 3776 3561 3848 μὴ
3597 3776 3788 3854 φέρον-

2127 3881 2225 3922 τας
2275 3859 2578 3916 ἀποθανεῖν.
2613 3861 2824 3924 Πάντας
2877 3861 2970 3934 μὲν
3025 3858 3116 3916 οὖν
3172 3861 3302 3924 τοὺς
3354 3862 3790 3942 περιληφθέντας

2130 3948 2361 4023 ἀθρόως,
2394 3949 2483 4004 καὶ
2530 3951 2631 4018 τὴν
2682 3951 2974 4025 παρθένον,
3007 3949 3263 4026 ἐξώρισαν
3325 3951 3401 4015 εἰς
3457 3954 3557 4022 τὴν
3622 3957 3790 4031 μεγά-

2131 4035 2235 4107 λην
2270 4043 2452 4092 ’Όασιν
2485 4058 2497 4068 ⁸
2525 4039 2592 4091 τὰ
2621 4036 2678 4092 δὲ
2709 4039 2938 4110 σώματα
2993 4043 3103 4093 τῶν
3158 4037 3624 4112 τετελευτηκότων
3665 4041 3791 4100 οὐδὲ

2130 4131 2247 4188 τοῖς
2283 4124 2443 4188 ἰδίοις
2475 4128 2610 4180 κατᾶ
2653 4128 2754 4195 τήν
2813 4129 2992 4202 ἀρχὴν
3046 4125 3381 4198 ἀποδοθῆναι
3429 4135 3790 4203 πεποιήκασιν

2134 4217 2271 4289 (76),
2307 4213 2432 4269 ἀλλ’
2494 4213 2724 4289 ἔκρυψαν
2785 4217 2860 4278 ὡς
2917 4214 3213 4288 ἠθέλησαν,
3275 4216 3449 4298 ἄταφα
3509 4220 3790 4296 βαλόντες,

2137 4304 2267 4379 ὑπὲρ
2326 4308 2422 4358 τοῦ
2481 4301 2657 4358 δοκεῖν
2728 4303 2922 4367 αὐτοὺς
2996 4302 3270 4361 λανθάνειν
3354 4309 3454 4379 τήν
3523 4311 3791 4382 τοσαύτην

2136 4393 2421 4466 ὠμότητα.
2456 4391 2749 4468 Πρέττουσι
2785 4391 2842 4448 δέ
2885 4398 3046 4449 τοῦτο
3106 4393 3500 4473 πεπλανημένη
3551 4404 3620 4474 τῇ
3669 4398 3794 4456 δια-

2133 4482 2252 4554 νοίᾳ
2285 4485 2398 4556 (77)
2427 4483 2479 4537 οἱ
2530 4485 2872 4561 παράφρονες
2900 4502 2911 4514 °
2944 4489 3052 4538 τῶν
3080 4486 3184 4562 γὰρ
3235 4485 3450 4542 οἰκείων
3496 4493 3603 4543 τῶν
3647 4511 3794 4547 τετε-

2137 4569 2503 4645 λευτηκότων,
2538 4571 2842 4648 χαιρόντων
2876 4573 2970 4647 μὲν
3025 4571 3115 4628 διὰ
3154 4576 3252 4646 τήν
3303 4575 3623 4653 ὁμολογίαν,
3655 4581 3792 4655 θρη-

2206 4772 2746 4849 (72)_The_odoretu_s
2792 4766 2856 4840 δή
2911 4777 3045 4849 post
3081 4773 3371 4849 7dp._ltlox
3421 4776 3688 4835 Socrates
3735 4783 3795 4836 et

2134 4839 2399 4920 N_i¢epb,,
2449 4839 2930 4920 ᾀναχωρήσαντες-
2950 4839 3166 4920 ἔτυχον.
3202 4845 3378 4903 Paulo
3418 4852 3562 4920 post
3611 4850 3792 4907 iidem

2134 4915 2223 4969 οἷα
2251 4911 2592 4990 παρ”αύτῶν
2610 4911 2808 4989 ἔπρεπε
2833 4911 3167 4991 πραχθῆναι.
3194 4911 3466 4992 Πυρκαῖᾱῖν
3491 4920 3594 4995 γάρ
3626 4921 3790 4994 ἅψας*

2205 5007 2321 5082 (73)
2351 5006 2636 5082 Sic_Soc_r.
2661 5009 2716 5060 et
2746 5004 2894 5082 Nic;
2918 5005 3055 5082 Reg.
3081 5010 3140 5062 et
3167 5007 3386 5082 Theod.
3412 5007 3626 5082 ἑαυτάς,
3649 5012 3794 5069 editi

2135 5075 2395 5156 ἐαυτούς..
2415 5079 2546 5156 Mox
2575 5077 2718 5156 haec,
2749 5075 2838 5130 καὶ
2894 5077 2968 5148 μὴ
3005 5075 3411 5153 ’φροντιζούσας
3454 5085 3552 5134 τοῦ
3595 5075 3796 5156 πυρός,

2136 5150 2352 5204 desunt
2382 5149 2441 5203 in
2471 5149 2700 5222 Anglic.

2207 5239 2322 5309 (74)
2345 5238 2440 5294 Sic
2473 5238 2612 5312 Reg.
2645 5242 2702 5294 et
2731 5236 2856 5295 Nic.
2890 5238 3062 5307 Editi,
3088 5235 3138 5292 ἐν
3173 5237 3359 5301 αὐταῖς
3392 5238 3647 5316 ἐχούσας.

2208 5327 2320 5398 (75)
2351 5326 2446 5407 Sic
2485 5325 2647 5407 editi.
2681 5330 2754 5407 at
2804 5325 3021 5407 Regius
3075 5330 3275 5407 code},
3327 5330 3597 5407 Socr.__et
3641 5333 3794 5407 Nic.,

2138 5396 2756 5479 dnogdvévmczyaul'o'
2785 5396 2914 5479 post
2942 5398 3168 5479 Anglic.
3208 5401 3336 5479 Spe.
3370 5407 3426 5458 et
3455 5402 3607 5479 Nic.,
3639 5396 3799 5479 περιξ

2137 5465 2468 5546 λειφθέντας.
2517 5470 2650 5546 Μοξ
2695 5465 2943 5546 The.on
3115 5471 3434 5546 παρθένους.
3471 5465 3605 5532 Haec
3648 5465 3795 5535 ἰδέω

2135 5541 2484 5596 enarrantur
2514 5541 2572 5595 in
2604 5542 2773 5612 Epist.
2807 5541 2877 5596 ad
2905 5541 3064 5595 Solit.

2207 5631 2317 5710 (ῖρ)
2350 5631 2618 5710 Socrates
2651 5630 2884 5710 et‘Nicr,
2921 5625 3252 5710 ἀποδοθῆναι
3283 5634 3688 5710 συνεχώρησαν,

2207 5703 2318 5784 (77)
2351 5705 2619 5784 socrates
2675 5705 2732 5784 et
2794 5701 3189 5784 Nicephorus,
3246 5701 3659 5784 πεπλανημένοι
3717 5712 3790 5784 τῇ

2137 5768 2364 5846 διανοίᾳ.
2396 5773 2766 5841 Theodoret.,
2799 5768 3205 5848 πεπλανημένοι
3235 5775 3334 5847 τὴν
3369 5768 3630 5837 διάνοιαν.
