4132 6422
328 420 453 489 6ὔῦ

876 426 944 489 S.
990 425 1420 491 A'l‘HANASIl
1463 426 1639 491 OPP.
1681 424 1883 491 PARS
1928 426 1978 490 Ι.
2010 461 2090 474 --
2117 426 2540 492 HISTORIGA
2584 429 2682 490 ET
2724 422 3210 492 DOGMATIGA.

3624 426 3754 490 ese

335 557 553 615 Verum
583 557 669 615 illi
688 562 753 616 ut
780 575 1013 633 semper
1030 563 1249 627 errant,
1281 559 1552 616 videntur
1571 560 1630 616 in
1662 560 1773 616 hoc
1801 559 1980 617 etiam

2129 555 2446 633 τλανώμενοι
2479 577 2493 591 ⁸
2554 557 2667 633 ὅσῳ
2724 560 2828 636 γὰρ
2877 560 2912 629 ἡ
2965 559 3110 638 φυγή
3161 552 3470 633 πρόδηλος,
3498 557 3754 631 τοσούτῳ

341 648 648 706 caecutire:
683 653 902 721 quanto
932 648 1089 704 enim
1119 649 1256 720 fuga
1313 648 1543 716 clarior,
1595 654 1759 706 tanto
1814 649 1992 705 etiam

341 734 631 809 liquidius
662 735 894 792 insidiis
916 751 1116 791 eorum
1146 740 1386 808 patratae
1407 737 1994 809 caades,irrogataque

344 824 549 883 exsilia
572 824 867 897 explorata
896 831 1086 881 erunt.
1120 826 1177 881 Si
1220 842 1474 898 namque
1526 826 1814 894 occidant,
1867 827 1997 898 ipsa

346 930 507 971 mors
530 913 766 988 gravius
788 915 846 969 in
874 914 1179 972 carniﬁces
1199 915 1500 972 resonabit
1525 933 1538 984 ;
1570 915 1660 972 sin
1684 914 1906 988 pellant
1934 915 1994 971 in

343 1003 641 1072 exsilium,
672 1019 1144 1077 quaquaversum
1176 1004 1454 1061 emittunt
1498 1004 1829 1077 iniquitatis
1874 1022 1995 1061 suae

344 1097 752 1153 monumenta.
1890 1132 1895 1137 .

409 1182 464 1238 9.
501 1182 561 1239 Si
593 1181 773 1256 igitur
801 1198 957 1239 sanae
988 1182 1203 1238 mentis
1234 1187 1592 1251 essent,sese
1625 1184 1997 1240 adverterent

345 1270 519 1327 malis
548 1270 889 1343 hujusmodi
923 1271 1283 1344 complicari,
1308 1289 1373 1327 ac
1403 1272 1463 1327 in
1496 1273 1731 1345 prOpria
1788 1272 1996 1344 impin-

340 1376 478 1434 gere
507 1359 769 1416 consilia.
803 1360 1175 1433 Vernmquia
1204 1368 1399 1418 mente
1421 1361 1572 1434 capti
1604 1362 1995 1435 sunt,impetu

343 1450 415 1508 ad
449 1450 919 1522 persequendum
948 1448 1239 1519 feruntur,
1273 1452 1534 1524 dumque
1557 1452 1743 1508 caedes
1790 1467 1994 1524 perpe-

343 1542 502 1596 trare
540 1539 799 1607 student,
853 1555 1027 1595 suam
1070 1538 1431 1611 impietatem
1476 1545 1841 1613 perspectam
1878 1556 1995 1597 non

346 1627 583 1685 habent.
617 1628 741 1683 Imo
766 1626 911 1683 forte
944 1627 1132 1700 ipsam
1154 1628 1450 1685 criminari
1484 1629 1785 1686 audebunt
1806 1629 1999 1686 Provi-

348 1716 609 1773 dentiam
639 1716 812 1787 (nihil
842 1717 999 1772 enim
1033 1716 1151 1774 illis
1175 1717 1633 1791 inausum)quod
1666 1719 1820 1777 viros
1850 1736 1998 1791 quos

346 1803 660 1875 inquirunt
686 1804 800 1861 sibi
830 1822 946 1860 non
982 1806 1170 1862 tradat
1200 1822 1364 1862 :cum
1390 1806 1581 1879 palam
1641 1811 1838 1864 tamen
1898 1809 1996 1877 sit,

348 1896 603 1951 testante
633 1892 950 1963 Salvatore,
984 1911 1057 1950 ne
1116 1896 1523 1967 passerculum
1584 1896 1821 1970 quidem
1872 1898 1999 1954 sine

347 1986 520 2040 Patre
543 1989 743 2041 nostro
765 1983 867 2056 qui
887 1982 947 2039 in
979 1983 1139 2040 ccelis
1169 1990 1259 2040 est
1288 2001 1462 2057 posse
1492 1985 1552 2041 in
1598 1985 1878 2058 laqueum
1908 1986 1997 2042 in-

348 2073 643 2133 cidere.At
673 2074 773 2131 ubi
804 2073 1058 2146 aliquem
1090 2073 1588 2147 apprehenderint
1619 2075 2002 2132 sceleratissi-

351 2163 433 2220 mi
466 2161 636 2229 illi,et
672 2161 921 2219 aliorum
937 2163 1097 2219 etsui
1119 2163 1179 2218 in
1204 2163 1413 2235 primis
1427 2164 1626 2221 statim
1646 2164 2006 2221 obliviscun-

350 2255 470 2319 tur,
503 2250 789 2324 elatisque
813 2269 883 2308 ex
932 2253 1060 2309 sola
1117 2254 1453 2326 arrogantia
1490 2253 1844 2327 superciliis,
1902 2270 2008 2309 nec

347 2347 707 2414 cognoscunt
721 2340 1004 2413 temporis
1016 2342 1512 2413 opportunitatem
1523 2359 1649 2409 ,nec
1658 2342 1748 2399 vel
1763 2343 2010 2400 minima

352 2432 576 2484 natura:
608 2428 929 2483 reverentia
944 2427 1294 2485 cohibentur
1314 2428 1385 2485 ab
1415 2429 2004 2500 injuriisinl'erendis:

356 2517 460 2573 sed
491 2533 653 2574 more
683 2516 1020 2590 Babylonici
1051 2517 1286 2592 tyranni
1342 2519 1640 2575 efferatius
1691 2520 2010 2594 insurgunt

352 2606 499 2663 citra
526 2606 707 2662 ullam
742 2606 804 2662 in
836 2605 1158 2678 quemlibet
1187 2606 1650 2664 misericordiam
1681 2610 1819 2666 :sed
1855 2611 2007 2666 senis

344 2695 553 2769 jugum
581 2705 885 2767 aggravant
905 2695 968 2763 1³,
992 2700 1050 2751 et
1077 2712 1242 2767 super
1270 2696 1508 2753 dolorem
1556 2699 1841 2755 vulnerum
1890 2698 2007 2754 im-

357 2784 532 2841 mites
562 2783 646 2839 illi
677 2783 1009 2841 addiderunt
1041 2787 1103 2839 ιι.
1138 2786 1299 2852 Quod
1332 2786 1382 2842 si
1411 2787 1700 2858 ejusmodi
1744 2787 2011 2843 facinora

360 2890 479 2930 non
510 2873 892 2930 admisissent
916 2873 998 2929 :si
1017 2891 1117 2930 eos
1150 2875 1250 2947 qui
1281 2892 1420 2931 suas
1452 2874 1780 2932 calumnias
1811 2875 1867 2930 in
1902 2892 2009 2931 nos

357 2962 645 3019 conﬂatas
670 2964 1227 3037 impugnarent,non
1259 2963 1385 3020 loco
1416 2964 2009 3037 expulissent,eornm

357 3052 606 3109 fortasse
638 3050 811 3107 dictis
844 3051 1052 3109 saltem
1083 3052 1351 3109 nonnulli
1377 3053 1550 3109 ﬁdem
1577 3053 2009 3110 adhibuissent.

356 3143 430 3198 At
461 3156 596 3196 cum
628 3140 750 3197 sint
770 3145 856 3196 tot
881 3141 1180 3215 tantispue
1212 3142 1503 3215 episcopis
1561 3142 1847 3209 insidiati,
1906 3159 2013 3199 nec

359 3246 575 3304 magno
608 3229 782 3287 Hosio
814 3231 1155 3299 confessori,
1184 3226 1371 3304 neque
1427 3231 1697 3304 episcopo
1728 3233 2012 3302 Romano,

360 3335 428 3375 ac
459 3320 547 3376 tot
570 3319 722 3377 258
756 3319 1191 3392 Hispaniarum,
1225 3319 1572 3388 Galliarum,
1620 3322 1875 3395 Egypti,
1924 3320 2011 3377 Li-
2043 3309 2087 3377 C

366 3408 514 3482 byw,
543 3407 913 3481 aliarumque
941 3410 1244 3482 regionum
1292 3410 1585 3483 episcopis
1628 3411 2014 3484 pepercerint,

365 3497 467 3554 sed
498 3498 683 3554 tantis
715 3497 889 3554 malis
947 3499 1245 3555 affecerint
1294 3516 1394 3556 eos
1444 3500 1544 3573 qui
1604 3499 1899 3557 ullatenus
1955 3516 2019 3556 se

367 3587 553 3643 nostri
584 3604 766 3643 causa
822 3593 1173 3661 arguerent;
1226 3605 1419 3644 nonne
1469 3588 1814 3662 priusquam
1873 3589 2021 3646 alios

367 3676 603 3733 insidiis
632 3693 739 3732 nos
770 3676 896 3733 suis
928 3676 1188 3750 aggressi
1222 3678 1524 3735 fuissent?
1564 3696 1759 3735 annon
1809 3682 2022 3752 putan-

368 3766 509 3823 dum
537 3781 637 3829 eos
666 3765 725 3821 id
759 3767 885 3837 jam
936 3770 1261 3838 peroptato,
1315 3772 1380 3822 ut
1428 3784 1536 3824 nos
1594 3768 1837 3825 immani
1887 3784 2027 3824 nece

368 3859 503 3929 post
531 3854 676 3911 alios
705 3855 1094 3911 obtruncent?
1124 3857 1186 3911 In
1208 3855 1319 3912 hoc
1349 3855 1568 3928 quippe
1589 3856 1928 3928 advigilant,
1959 3873 2027 3914 ac

372 3960 573 4000 secum
607 3944 826 4016 injuste
846 3945 937 4016 agi
964 3948 1201 4017 putant,
1235 3945 1284 3999 si
1315 3960 1464 4016 quos
1496 3943 1579 3999 illi
1601 3945 1789 4001 vivere
1818 3945 2026 4018 nolint,

373 4032 722 4104 superstites
753 4037 1016 4087 cernant.

451 4239 538 4295 10.
572 4236 822 4295 Cuinam
854 4235 1291 4308 igiturillorum
1314 4252 1429 4292 non
1453 4242 1544 4293 est
1594 4241 1899 4311 perspecta
1936 4254 2034 4293 vas

379 4326 568 4383 frities
599 4327 627 4381 ‘I
656 4324 892 4382 cuinam
927 4323 983 4380 id
1019 4324 1260 4399 planum
1295 4342 1407 4381 non
1441 4331 1551 4397 est,
1584 4326 1745 4400 ipsos
1775 4343 1891 4383 non
1920 4324 2036 4381 vir-

380 4416 527 4475 tutis
555 4415 750 4472 studio
781 4414 1157 4471 timiditatem
1189 4415 1359 4472 nobis
1377 4417 1724 4489 exprobrare
1747 4417 1869 4486 ;sed
1901 4432 2036 4473 san-

382 4506 628 4579 guinem
660 4505 947 4572 sitientes,
979 4502 1162 4560 veluti
1182 4504 1618 4577 sagenis,malis
1640 4512 1765 4562 suis
1795 4506 1878 4563 uti
1904 4505 2041 4562 arti-

384 4594 518 4663 bus,
552 4594 907 4649 arbitrantes
939 4608 1003 4649 se
1025 4594 1110 4648 sic
1129 4608 1229 4649 eos
1249 4610 1399 4664 quos
1427 4594 1777 4649 occidendos
1808 4595 2038 4667 perqui-

2099 646 2189 703 καὶ
2218 646 2385 705 πλέον
2418 651 2452 719 ἡ
2488 648 2540 720 ἐξ
2569 642 2874 717 ἐπιϐουλῆς
2928 647 3194 723 γινομένη
3226 647 3354 724 παρ’
3383 645 3558 702 αὐτῶν
3602 644 3753 703 ἀναί-

2103 757 2269 812 ρεσις,
2300 738 2335 807 ἢ
2368 738 2457 794 καὶ
2509 736 2690 813 ἐξορία
2743 737 3153 815 προφανεστέρα
3208 738 3496 812 γενήσεται
3529 755 3540 766 ·
3598 732 3658 791 ἄν
3694 756 3757 791 τε

2101 826 2206 903 γὰρ
2255 826 2664 901 ἀποκτείνωσιν,
2697 828 2809 901 (89)
2840 827 2869 881 ὁ
2899 823 3125 888 θάνατος
3160 830 3344 899 μεῖζον
3391 826 3601 901 ἠχήσει
3637 825 3757 880 κατ’

2102 914 2277 971 αὐτῶν
2313 935 2327 949 ο
2379 912 2438 972 ἄν
2480 937 2541 972 τε
2586 913 2751 971 πάλιν
2802 915 3109 993 ἐξορίσωσι,
3144 918 3428 991 πανταχοῦ
3473 916 3589 971 καθ’
3639 914 3760 971 ἔαυ-

2100 1007 2207 1059 τῶν
2239 1003 2391 1060 αὐτοί
2427 1010 2669 1080 μνημεῖα
2695 1011 2797 1075 τῆς
2838 1004 3184 1081 παρανομίας
3243 1002 3754 1075 ἐξαποστέλλουσιν.

2172 1203 2230 1257 9.
2261 1201 2326 1257 Εἰ
2359 1201 2453 1275 μὲν
2487 1198 2576 1255 οὗν
2611 1196 2811 1271 ἔσωζον
2838 1201 2933 1264 τὰς
2994 1201 3213 1280 φρένας,
3245 1195 3476 1257 ἔϐλεπον
3534 1199 3760 1262 ἑαυτοὺς

2104 1288 2156 1346 ἐν
2212 1289 2429 1353 τούτοις
2487 1291 2912 1367 συνεχομένους,
2955 1290 3046 1345 καὶ
3087 1296 3205 1354 τοῖς
3255 1290 3457 1345 ἑαυτῶν
3514 1289 3758 1365 προσκό-

2103 1400 2338 1443 πτοντας
2386 1376 2680 1454 λογισμοῖς
2730 1380 2844 1454 (90)
2869 1397 2884 1412 ⁸
2935 1373 3121 1447 ἐπειδὴ
3161 1374 3219 1433 δὲ
3247 1375 3338 1432 καί
3365 1375 3429 1432 τὰ
3460 1381 3758 1456 σωφρονεῖν

2104 1467 2413 1541 ἀπώλεσαν,
2448 1465 2538 1524 διὰ
2591 1472 2753 1523 τοῦτο
2810 1468 2900 1522 καὶ
2960 1465 3250 1530 διώκοντες
3307 1465 3611 1542 ἐξάγονται,
3669 1464 3761 1521 καὶ

2107 1562 2394 1629 ζητοῦντες
2424 1555 2656 1627 ἀνελεῖν,
2688 1556 2796 1634 οὐχ
2825 1558 3023 1635 ὁρῶσιν
3077 1557 3280 1611 ἑαυτῶν
3331 1557 3432 1626 τὴν
3489 1551 3759 1613 ἀσέϐειαν.

2103 1649 2256 1724 Τάχα
2309 1649 2414 1724 γὰρ
2475 1649 2587 1721 (91)
2637 1647 2728 1702 καὶ
2783 1647 2885 1716 τὴν
2943 1643 3205 1721 Πρόνοιαν
3264 1644 3431 1715 αὐτὴν
3493 1644 3763 1700 αἰτιᾶσθαι

2102 1735 2385 1811 τολμῶσιν
2417 1735 2593 1809 (οὐδὲν
2645 1739 2748 1812 γὰρ
2795 1735 2981 1798 αὐτοῖς
3024 1733 3390 1810 ἀτόλμητον),
3426 1733 3505 1813 ἐφ’
3535 1735 3619 1797 οἷς
3667 1732 3762 1790 αὐ-

2102 1832 2222 1889 τοῖς
2273 1826 2335 1882 οὐ
2381 1823 2743 1901 παραδίδωσι,
2803 1823 3093 1900 προδήλου
3141 1824 3337 1880 τούτου
3392 1824 3764 1901 τυγχάνοντος

2107 1915 2244 1971 κατά
2287 1917 2387 1986 τὴν
2434 1920 2533 1971 τοῦ
2583 1922 2844 1985 Σωτῆρος
2896 1914 3102 1992 φωνὴν,
3135 1912 3220 1968 ὅτι
3281 1910 3424 1987 μηδὲ
3479 1910 3760 1990 στρουθίον

2113 2002 2237 2060 ἄνευ
2284 2009 2384 2061 τοῦ
2427 2005 2638 2078 Πατρὸς
2683 2008 2843 2078 ἡμῶν
2889 2008 2987 2059 τοῦ
3039 2002 3090 2059 ἐν
3139 2008 3256 2066 τοῖς
3315 2001 3567 2080 οὐρανοῖς
3599 2001 3766 2076 ἐμπε-

2113 2100 2222 2150 σεῖν
2257 2094 2333 2157 εἷς
2383 2092 2589 2170 παγίδα
2632 2091 2871 2151 δύναται.
2905 2090 3003 2148 Καὶ
3052 2093 3155 2168 γὰρ
3199 2092 3289 2147 καὶ
3336 2090 3428 2148 ὅτε
3470 2089 3768 2167 παραλαμ-

2113 2179 2364 2240 ϐάνουσιν
2420 2183 2473 2239 οἰ
2504 2181 2822 2259 ἀλάστορες,
2856 2181 3009 2245 εὐθὺς
3063 2179 3506 2238 ἐπιλανθάνονται
3550 2185 3661 2237 τῶν
3711 2199 3773 2234 τε

2116 2272 2328 2345 ἄλλων,
2358 2274 2449 2329 καὶ
2478 2273 2584 2349 πρὸ
2612 2277 2720 2329 τῶν
2768 2269 2954 2328 ἄλλων
3003 2271 3205 2327 ἑαυτῶν
3232 2291 3244 2304 ·
3278 2270 3369 2326 καὶ
3420 2270 3613 2345 μόναις
3658 2271 3773 2343 (92)

2113 2368 2234 2426 ταῖς
2283 2362 2625 2433 ἀλαζονείαις
2671 2363 2767 2426 τὰς
2816 2361 2985 2440 ὀφρῦς
3035 2358 3452 2432 ἀνασπάσαντες,
3485 2354 3610 2415 οὔτε
3650 2379 3772 2414 και-

2117 2453 2208 2530 ρὸν
2239 2453 2617 2528 γινώσκουσιν,
2650 2449 2773 2508 οὕτε
2816 2450 3128 2514 ἀδικοῦντες
3184 2451 3501 2526 ἀνθρώπους
3555 2444 3773 2504 αἰδοῦν-

2113 2563 2204 2597 ται
2230 2543 2331 2611 τὴν
2364 2541 2519 2619 φύσιν
2545 2560 2558 2574 ·
2592 2542 2728 2597 κατὰ
2778 2538 2977 2603 δὲλτὸν
3036 2541 3291 2617 τύραννον
3351 2547 3454 2610 τῆς
3514 2532 3779 2595 Βαϐυλῶο-

2115 2636 2207 2694 νος
2249 2631 2580 2707 ἀγριώτερον
2650 2629 2992 2706 ἐπιφύονται,
3047 2630 3141 2684 καὶ
3198 2629 3324 2684 οὕτε
3375 2630 3528 2690 τινὰς
3587 2625 3775 2683 ἐλεοῦ-

2117 2740 2197 2774 σιν
2253 2720 2385 2792 (93),
2442 2716 2589 2773 ἀλλὰ
2664 2718 2755 2773 καὶ
2836 2721 2935 2772 τοῦ
3009 2712 3377 2793 πρεσϐυτέρου
3452 2717 3546 2777 τὸν
3610 2716 3769 2791 ζυγὸν

2117 2802 2522 2883 ἐπιϐαρύνουσι,
2580 2806 2671 2861 καὶ
2729 2805 2818 2861 ἐπὶ
2872 2805 2935 2860 τὸ
2994 2800 3167 2879 ἄλγος
3236 2809 3343 2858 τῶν
3420 2805 3772 2879 τραυμάτων,

2116 2896 2193 2959 ὡς
2254 2897 2578 2972 γέγραπται,
2634 2894 3016 2973 προστιθιασιν
3091 2894 3142 2948 οἱ
3202 2892 3477 2963 ἀνηλεεῖς.
3530 2892 3596 2947 El
3678 2892 3774 2964 μὲν

2119 2984 2212 3042 οὖν
2244 2987 2319 3060 μὴ
2357 2989 2525 3041 ταῦτα
2572 2982 2859 3061 δράσαντες
2896 2984 3055 3053 ἦσαν,
3086 2982 3133 3037 εἰ
3186 2982 3261 3056 μὴ
3311 2980 3440 3044 τοὺς
3481 2981 3619 3036 κατὰ
3671 2987 3773 3050 τῆς

2121 3072 2474 3153 συκοφαντίας
2523 3073 2695 3129 αὐτῶν
2744 3073 2876 3145 ὑπὲρ
2924 3075 3087 3145 ἡμῶν
3139 3068 3401 3145 λέγοντας
3447 3068 3777 3146 ἐξορίταντες

2121 3165 2282 3234 ἦσαν,
2313 3165 2552 3226 πιθανῶς
2582 3163 2641 3217 ἂν
2674 3160 2930 3237 λέγοντες
2978 3161 3126 3237 παρά
3180 3181 3319 3215 τισιν
3378 3157 3736 3232 ἐνομίσθησαν
3764 3176 3778 3189 ⁸

2125 3250 2312 3322 ἐπειδή
2347 3250 2405 3308 δὲ
2434 3250 2631 3314 ἄλλοις
2660 3250 2943 3314 τοσούτοις
2979 3252 3095 3323 (94)
3125 3249 3216 3304 καὶ
3261 3244 3617 3319 τηλικούτοις
3667 3244 3783 3300 ἐπι-

2124 3342 2349 3405 σκόποις
2381 3337 2795 3412 ἐπεϐούλευσαν,
2818 3339 2909 3396 καὶ
2941 3339 3065 3394 οὕτε
3091 3342 3190 3394 τοῖ’)
3227 3334 3473 3414 μεγάλου
3502 3334 3593 3391 καὶ
3646 3336 3786 3409 ὁμο-

2126 3430 2372 3509 λογητοῦ
2428 3430 2628 3501 Ὀσίου,
2686 3426 2811 3485 οὔτε
2864 3433 2961 3484 τοῦ
3019 3428 3316 3484 ἐπισκόπου
3364 3427 3611 3501 Ῥώμης,
3664 3423 3789 3479 οὕτε

2126 3521 2400 3579 τοσούτων
2450 3523 2563 3595 (95)
2597 3520 2701 3575 ἀπὸ
2742 3523 2851 3575 τῶν
2902 3522 3177 3587 Σπανιῶν,
3225 3515 3317 3572 γαὶ
3366 3513 3645 3589 Γαλλιῶν,
3695 3513 3788 3569 καὶ

2128 3618 2230 3681 τῆς
2278 3609 2580 3686 Αἰγύπτου,
2621 3609 2712 3665 καὶ
2759 3603 2993 3679 Λιϐύης,
3046 3608 3139 3663 καὶ
3193 3611 3301 3663 τῶν
3365 3603 3552 3660 ἄλλων
3610 3607 3788 3678 μερῶν

2133 3700 2441 3757 ἐπισκόπων
2475 3698 2774 3779 ἐφείσαντο,
2807 3695 2955 3754 ἆλλὰ
2997 3701 3234 3753 τοσαῦτα
3280 3696 3613 3765 πεποιήκασι
3655 3693 3794 3747 κατὰ

2132 3794 2242 3857 τῶν
2275 3787 2424 3851 ὅλως
2457 3777 2793 3864 ἐλνεγξάντων
2827 3785 3028 3850 αὐτοὺς
3073 3784 3207 3861 ὑπὲρ
3254 3785 3416 3857 ἡμῶν
3446 3801 3459 3814 ’
3490 3785 3609 3844 πῶς
3661 3777 3793 3855 οὐχί

2142 3876 2356 3953 μᾶλλον
2387 3881 2535 3951 ἡμᾶς
2566 3877 2672 3952 πρὸ
2701 3881 2810 3931 τῶν
2865 3873 3053 3931 ἄλλων
3087 3869 3500 3941 ἐϐουλεύσαντο,
3532 3870 3623 3925 καὶ
3678 3870 3795 3943 μετ’

2139 3968 2376 4030 ἐκείνους
2419 3967 2740 4039 ἐπιθυμοῦσι
2773 3963 2831 4020 δὲ
2875 3968 3055 4027 κακῶς
3106 3960 3312 4018 ἀνελεῖν
3534 3959 3627 4023 Εἷς
3675 3962 3799 4014 τοῦ·

2137 4079 2201 4113 το
2258 4058 2363 4131 γὰρ
2422 4057 2781 4131 ἀγρυπνοῦσι,
2837 4055 2927 4108 καὶ
2984 4052 3298 4126 νομίζουσιν
3361 4047 3680 4117 ἀδικεῖσθαι,
3738 4047 3800 4104 ἂν

2146 4144 2390 4222 βλέπωσι
2423 4144 2792 4216 σωζομένους,
2823 4141 2917 4204 οὒς
2948 4140 3047 4197 οὐκ
3075 4136 3373 4196 ἐϐούλοντο
3408 4142 3524 4213 ζῇν.

2218 4238 2303 4291 10.
2335 4232 2427 4295 Τίς
2474 4232 2654 4287 τοίνυν
2709 4230 2771 4286 οὐ
2818 4236 3017 4306 συνορᾷ
3061 4232 3161 4300 τὴν
3193 4227 3525 4305 πανουργίαν
3558 4229 3674 4302 (97)
3702 4227 3801 4283 αὐ·-

2143 4327 2252 4378 τῶν
2278 4341 2292 4391 ;
2323 4322 2428 4377 τίνι
2459 4326 2622 4377 τοῦτο
2647 4317 2959 4392 κατάδηλον
2991 4319 3091 4375 οὐκ
3121 4317 3287 4389 ἔστιν,
3319 4317 3402 4374 ὅτι
3447 4319 3522 4392 μή
3578 4314 3650 4373 δι’
3682 4317 3803 4389 ἀρε-

2144 4413 2244 4481 τὴν
2276 4408 2604 4480 ὀνειδίζουσι
2634 4408 2865 4484 δειλίαν,
2899 4407 3027 4465 ἀλλ’
3058 4406 3263 4483 α’ίματα
3301 4405 3587 4481 διψῶντες,
3619 4404 3802 4482 ὥσπερ

2148 4502 2408 4578 σαγήναις
2438 4504 2682 4577 χρῶνται
2717 4504 2837 4561 ταῖς
2891 4495 3054 4561 ἰδίαις
3102 4496 3506 4572 κακοτεχνίαις,
3549 4496 3805 4570 νομίζον-

2146 4612 2235 4653 τες
2312 4590 2362 4646 ἐν
2423 4589 2648 4653 ταύταις
2722 4583 3199 4663 συλλαμϐάνεσθαι
3266 4585 3360 4650 οὓς
3420 4585 3508 4641 ἐὰν
3569 4588 3805 4655 ζητῶσιν

385 4688 526 4739 rnnt
556 4682 1055 4755 comprehendere
1085 4684 1302 4754 posse?
1331 4684 1410 4739 Eo
1440 4689 1633 4739 autem
1669 4683 1800 4740 illos
1842 4684 2011 4741 anim<

2150 4681 2479 4755 ἀναιρῆσαι;
2512 4677 2805 4742 Τοιούτους
2861 4679 2966 4754 γὰρ
3000 4675 3196 4739 αὐτοὺς
3228 4677 3283 4731 αἱ
3312 4676 3532 4750 πράξεις
3579 4672 3805 4748 ἔδειξαν,

387 4771 823 4845 esse,0peribus
836 4771 980 4844 ipsis
994 4772 1373 4845 comprobata
1384 4772 1823 4846 r,arguiturque
1833 4790 2035 4830 eorum

466 4942 511 4979 1³
541 4947 652 4998 Isa.
683 4959 859 5010 XLVII,
889 4944 944 4998 6.
980 4944 1025 4981 ιι
1047 4942 1201 5000 Psal.
1234 4960 1385 5011 LXIX,
1414 4944 1506 5000 26.

465 5111 591 5195 (~89)_
608 5112 743 5178 Qua:
771 5110 1060 5195 leguntur.
1080 5129 1114 5167 θ,
1140 5128 1292 5195 voce
1309 5109 1662 5195 ἀποκτείνωσι
1690 5113 1784 5195 “ad
1836 5131 2041 5195 π-ανοα-

394 5183 802 5267 χοῦηᾶεειέηι
830 5183 1118 5267 in'editi‘s,
1152 5184 1252 5267 sed
1278 5184 1572 5267 habentur
1598 5185 1657 5267 i_n
1683 5185 1828 5267 _R_e_g.
1862 5183 2041 5267 B_asil.

394 5255 565 5380 Engl.
597 5255 757 5312 Socr.
791 5260 848 5310 et
876 5255 1115 5326 Niceph.
1152 5255 1233 5310 Ibi
1262 5257 1484 5327 Anglic.
1527 5256 1703 5312 habet
1723 5255 1912 5331 ὲεῆχεῖ
1942 5272 2044 5329 pro

395 5326 473 5380 ἦν
507 5347 625 5380 ισει.
660 5327 793 5380 Mox
820 5327 998 5380 idem-
1032 5324 1187 5380 αὐτοὶ
1223 5331 1463 5380 μνημεῖα
1487 5332 1589 5380 τῆς
1619 5328 1887 5380 πονηρίας
1909 5326 2044 5380 ἀπο-

395 5326 625 5453 ἠχηίει.
660 5327 793 5383 Mox
820 5327 998 5397 idem,
1032 5326 1187 5380 αὐτοὶ
1221 5331 1463 5399 μνημεῖα
1487 5332 1589 5396 τῆς
1619 5326 1887 5404 πονηρίας
1909 5326 2044 5381 ἀπο-

398 5418 485 5453 στε
571 5440 583 5453 .

613 5479 639 5521 ,³
658 5468 968 5543 nglicanus
1000 5469 1200 5543 codex,
1227 5464 1451 5543 λόγους.

473 5543 585 5623 (Ui)
626 5540 814 5623 multa
867 5540 961 5596 hic
989 5540 1378 5623 emittuntur
1433 5542 1777 5623 aMSocI-at.-
1805 5541 2047 5623 Niceph.

2145 4771 2236 4826 καὶ
2267 4769 2505 4847 ἤλεγξαν
2535 4769 2627 4826 τὸν
2652 4769 2854 4846 τρόπον
2917 4767 3115 4841 αὐτῶν,
3146 4766 3351 4843 θηρίων
3398 4765 3493 4840 μὲν
3540 4763 3807 4842 ἀγριώτε-

2226 5110 2339 5184 (93)
2372 5109 2541 5181 Reg.,
2574 5100 2823 5159 ἐλεῶσιν.
2858 5102 2992 5159 Mox
3048 5099 3302 5175 Anglic.,
3346 5103 3463 5161 τοῖς
3522 5089 3819 5174 πρεσϐυτέ-

2190 5204 2295 5244 οις.

2155 5204 2348 5325 9023'.)
2374 5247 2666 5325 Τοσούτοις
2699 5248 2861 5325 dee_st
2889 5244 2946 5301 in
2969 5244 3204 5325 ρης-ΠΟ.

2227 5310 2630 5399 (95))ᾼῐιειίρη
2658 5320 2946 5399 τρλσρύτονι
2969 5310 3152 5372 Paulo
3193 5320 3325 5390 post
3353 5313 3533 5386 idem,
3591 5310 3813 5369 ἐπισκό-

2154 5386 2510 5459 πούς.Ἰάεῶ
2542 5386 2644 5458 ibi,
2680 5386 2824 5444 ἀλλά
2856 5386 2966 5445 καί.

2231 5456 2345 5553 (ιβ)
2369 5467 2461 5553 83°
2484 5456 2660 5552 ensi.
2691 5459 3116 5553 .qeemnseeui
3132 5460 3509 5553 ,ϊῖιειιξπξξξεο
3561 5456 3817 5553 rem

2159 5527 2826 5605 θάἶῐὶξκᾶκεῖσεῖνελέῖν.
2870 5527 3046 5605 Paulo
3086 5536 3221 5604 post
3276 5532 3415 5604 Reg.
3439 5534 3498 5587 et
3552 5527 3810 5603 Anglic.,

407 5602 582 5666 Pn‘nlri
621 5631 631 5683 ι
660 5618 751 5667 ost
777 5613 915 5685 Reg.
949 5617 1007 5668 et
1034 5611 1362 5685 Anglican,
1395 5608 1547 5666 οὐδὲν
1582 5613 1706 5689 γάρ.
1760 5615 1820 5669 In
1877 5602 2011 5668 editi

407 5678 519 5757 7&9
537 5684 719 5757 deust.
744 5752 780 5757 η
1089 5755 1103 5757 _
1298 5753 1307 5757 _

2160 5614 2219 5668 ἂν
2254 5602 2521 5739 Eleatem.
2563 5603 2908 5678 Εάίῑί,ἐάνβ
2952 5602 3144 5657 ἐπωσι.

2234 5689 2249 5757 (
2291 5684 2350 5754 7)
2373 5680 2733 5755 Anglicanus
2764 5677 2965 5746 codex,
2997 5694 3144 5730 κακοι

404 5678 505 5756 γάρ
537 5678 719 5740 det-St.

476 5752 586 5827 (92.)
616 5752 969 5826 Anglicanus
1001 5755 1201 5822 codex,
1237 5753 1403 5823 μόνον

2291 5684 2350 5754 7)
2373 5672 2735 5755 Anglicanus
2764 5672 2965 5746 codex,
2997 5672 3328 5750 κακουργίαν
