4132 6382
364 405 483 470 659

898 410 963 473 S.
1009 408 1436 474 ATHANASII
1481 408 1653 474 OPP.
1699 409 1903 472 PARS
1948 405 1999 472 Ι.
2031 441 2109 455 -—
2138 405 2563 476 HISTORICA
2603 411 2706 477 ET
2747 410 3234 480 DOGMATICA.

3660 415 3784 484 660

363 542 554 602 tollere
583 561 701 618 qua
732 546 794 603 in
826 546 984 605 domo
1013 564 1116 604 sua
1145 555 1308 604 sunt:
1342 549 1393 603 et
1421 551 1520 621 qui
1564 550 1626 605 in
1682 565 1836 622 agro,
1895 566 2004 606 non

2134 537 2219 620 ίρη
2255 546 2352 618 (8)°
2386 545 2414 600 6
2447 543 2534 600 ἐπὶ
2584 551 2682 602 τοῦ
2731 543 2985 622 δώματος
3022 548 3097 622 μή
3145 541 3439 622 καταϐήτω
3468 548 3593 627 ἆραι
3620 550 3689 607 τὰ
3719 550 3780 608 ἐκ

363 641 676 692 revertatur
704 638 895 694 tollere
922 640 1164 695 tunicam
1193 656 1350 696 suam
1372 641 1434 694 ¹⁷.
1469 639 1600 696 Hac
1630 658 1761 697 cum
1797 641 2013 698 scirent

365 726 572 792 sancti,
607 726 947 799 hujusmodi
987 729 1116 783 vitae
1147 730 1434 786 rationem
1465 731 1669 787 sectati
1699 735 2011 787 sunt.Nam

366 832 494 888 qua;
517 817 642 888 jam
677 818 946 890 praecepit
974 819 1403 891 Dominus,haec
1433 820 1562 892 ipsa
1591 825 1725 878 ante
1755 838 1931 877 suum
1953 821 2011 876 in

366 921 540 962 carne
569 907 883 962 adventum
908 925 1005 964 ore
1035 914 1371 964 sanctorum
1396 911 1670 982 praefatus
1693 913 1875 968 est.Et
1894 911 2014 967 haec

366 999 456 1051 est
486 1013 692 1051 norma
722 1013 850 1068 qua
881 997 1150 1054 homines
1171 998 1409 1054 deducit
1446 1001 1518 1056 ad
1578 1001 2010 1073 perfectionem,

367 1088 432 1140 ut
455 1102 664 1159 nempe
693 1087 794 1142 Dei
821 1088 990 1158 jussa
1019 1088 1370 1162 compleant.

440 1265 526 1319 l2.
558 1264 919 1338 Quapropter
948 1267 1145 1339 ipsum
1161 1267 1424 1326 Verbum
1440 1274 1676 1342 propter
1705 1287 1811 1326 nos
1841 1271 2012 1327 homo

364 1352 611 1422 factum,
644 1356 784 1411 dum
808 1355 1222 1428 inq’uireretur,
1256 1364 1319 1414 ut
1344 1376 1448 1414 nos
1473 1362 1596 1430 jam
1629 1360 2015 1432 agimus,sese

364 1444 680 1515 occultare,
712 1444 974 1518 itemque
994 1453 1398 1519 persecutores
1430 1450 1627 1523 fugere
1656 1454 1712 1505 et
1767 1450 2014 1505 insidias

364 1533 657 1589 declinare
684 1535 888 1590 voluit.
919 1536 1170 1592 Decebat
1201 1538 1358 1594 enim
1389 1555 1548 1606 eum,
1579 1544 1644 1594 ut
1673 1539 2011 1607 esuriendo,

365 1623 636 1692 sitiendo,
672 1624 966 1697 patiendo,
999 1625 1084 1682 sic
1133 1631 1189 1682 et
1237 1643 1364 1684 sese
1415 1629 1760 1684 occultando
1808 1646 1874 1684 ac
1923 1630 2014 1684 fu-

362 1712 595 1785 giendo,
631 1715 936 1771 ostendere
964 1731 1026 1771 se
1067 1733 1301 1772 carnem
1341 1723 1589 1791 gestare,
1615 1723 1788 1790 atque
1825 1717 2014 1774 homi-

366 1818 500 1858 nem
531 1803 752 1859 factum
775 1820 922 1860 esse.
955 1804 1101 1861 Nam
1134 1807 1206 1862 ab
1236 1807 1363 1880 ipso
1421 1808 1620 1864 statim
1673 1807 1839 1864 initio
1896 1825 2012 1881 quo

364 1891 555 1948 factus
585 1896 674 1948 est
701 1892 899 1962 homo,
925 1895 1066 1950 dum
1099 1896 1293 1952 adhuc
1325 1913 1470 1968 puer
1497 1901 1671 1965 esset,
1701 1915 1804 1970 per
1832 1915 2009 1970 ange-
2041 1921 2089 1986 B

363 1980 488 2038 lum
521 1981 646 2055 ipse
678 2000 851 2060 suum
881 1984 1138 2058 Josepho
1187 1987 1494 2059 praecepit:
1563 1991 1828 2058 Surgens,
1885 1988 2012 2044 tolle

357 2087 597 2144 puerum
622 2081 674 2129 et
701 2081 934 2130 matrem
961 2078 1106 2147 ejus,
1139 2084 1190 2131 et
1215 2077 1344 2148 fuge
1381 2079 1442 2132 in
1500 2081 1831 2150 Egi/ptum,-
1860 2082 2013 2150 [utu-

362 2178 488 2217 rum
515 2165 597 2216 est
625 2162 774 2217 enim
803 2165 862 2218 ut
892 2163 1124 2220 Herodes
1181 2173 1397 2237 quaerat
1436 2169 1682 2222 animam
1727 2169 1892 2239 pueri
1946 2168 2009 2222 ³⁸.

361 2249 643 2306 Defuncto
676 2255 872 2308 autem
895 2252 1210 2322 Herode,ut
1240 2254 1591 2311 Archelaum
1640 2256 1827 2313 filium
1885 2257 2014 2327 ejus

363 2337 702 2409 declinaret,
735 2340 794 2396 in
825 2341 1069 2398 Nazaret
1098 2343 1335 2399 secedit.
1370 2345 1428 2400 In
1463 2345 1845 2418 subsequenti
1875 2361 2010 2400 vero

361 2431 645 2502 tempore,
678 2430 777 2486 ubi
811 2448 938 2487 sese
960 2433 1141 2488 Deum
1173 2433 1458 2505 exhibuit,
1484 2451 1842 2506 manumque
1898 2434 2013 2490 ari-

361 2517 497 2573 dam
518 2535 721 2574 sanam
755 2520 908 2591 fecit,
943 2538 1074 2577 cum
1107 2523 1327 2593 egressi
1363 2523 1638 2579 Pharisaei
1697 2523 2011 2581 consilium

362 2606 581 2663 inirent
611 2625 727 2680 qua
758 2609 980 2666 ratione
1010 2613 1317 2683 perderent
1336 2629 1470 2668 eum
1498 2614 1542 2649 ¹⁹
1575 2629 1588 2667 :
1629 2612 1687 2667 id
1720 2629 1854 2668 cum
1873 2612 2014 2668 Jesu

364 2699 570 2752 notum
594 2699 1018 2764 esset,secessit
1047 2701 1279 2756 inde.Et
1296 2717 1430 2756 vero
1465 2701 1701 2774 quando
1735 2707 2014 2757 Lazarum

365 2783 671 2841 suscitavit
700 2803 734 2842 a
764 2788 1034 2857 mortuis,
1068 2789 1141 2845 Ac
1167 2790 1288 2855 illo,
1339 2790 1550 2863 inquit,
1609 2791 1698 2846 die
1753 2791 2016 2862 cogitave-

365 2878 500 2930 runt
527 2883 587 2931 ut
611 2875 982 2946 interﬁcerent
1010 2894 1156 2934 eum.
1213 2882 1368 2936 Jesus
1425 2896 1550 2952 ergo
1595 2883 1718 2954 jam
1785 2897 1895 2936 non
1955 2883 2016 2936 in

364 2969 556 3034 palam
580 2966 922 3032 ambulabat,
954 2967 1045 3023 sed
1073 2969 1218 3024 abiit
1248 2969 1377 3025 inde
1400 2971 1462 3026 in
1521 2972 1797 3039 regionem
1843 2971 2017 3042 juxta

364 3053 726 3110 desertum”.
787 3055 1002 3112 Deinde
1061 3062 1375 3131 postquam
1431 3059 1674 3116 dixisset
1729 3059 2012 3131 Salvator,

365 3143 666 3216 Antequam
695 3145 969 3203 Abraham
1007 3148 1164 3218 ﬁeret
1211 3165 1308 3220 ego
1364 3165 1505 3205 sum.
1563 3150 1744 3207 Judaei
1796 3150 2016 3223 quidem

365 3232 574 3305 lapides
604 3235 868 3303 tulerunt,
899 3246 962 3293 ut
993 3239 1246 3310 jacerent
1301 3241 1363 3294 in
1420 3255 1566 3309 eum,
1622 3241 1778 3296 Jesus
1829 3248 2013 3296 autem

364 3322 644 3379 abscondit
665 3341 740 3391 se,
771 3333 824 3381 et
851 3328 1022 3382 exivit
1049 3327 1116 3381 de
1145 3329 1346 3400 tempto
1375 3330 1418 3364 ’ί
1447 3347 1459 3396 ;
1494 3332 1570 3394 et,
1604 3330 1893 3384 Transiens
1911 3346 2013 3402 per

364 3412 611 3468 medium
647 3414 873 3470 illorum
903 3415 1020 3470 ibat
1049 3416 1134 3478 ²²;
1166 3416 1362 3488 itaque
1393 3434 1455 3474 se
1484 3418 1783 3473 subduxit.

2120 641 2221 704 τῆς
2251 634 2424 696 οἰκίας
2457 635 2640 691 αὐτοῦ’
2691 639 2780 692 xui
2826 639 2856 692 6
2887 637 2939 693 ἐν
2988 643 3066 711 τῷ
3110 639 3264 716 ἀγρῷ
3313 641 3388 714 μή
3443 639 3778 717 ὑποστρεψά-

2119 745 2198 778 τω
2260 723 2435 779 ὀπίσω
2493 725 2620 796 ἇηαι
2673 728 2740 782 τὰ.
2787 727 2979 801 ἱμάτια
3025 727 3210 785 αὐτοῦ.
3255 733 3433 784 Ταῦτα
3479 731 3584 806 γὰρ
3635 728 3779 786 εἷ’δό-

2119 835 2208 876 τες
2240 815 2291 868 οἳ
2313 815 2480 890 ἅγιοι,
2529 803 2785 888 τοιαύτην
2839 818 2987 895 εἶχον
3035 819 3134 889 τὴν
3189 827 3289 890 τῆς
3321 817 3605 882 πολιτείας
3635 821 3779 894 ἀγω-

2122 906 2248 980 γήν.
2305 907 2374 958 "A
2433 905 2536 980 γὰρ
2586 910 2674 960 νῦν
2733 907 3052 980 προσέταξεν
3108 909 3136 964 ὁ
3189 908 3417 983 Κύριος,
3465 913 3632 963 ταῦτα
3687 909 3779 965 καὶ

2122 995 2228 1070 πρὸ
2257 1000 2358 1063 τῆς
2391 993 2646 1068 ἐνσάρκου
2675 997 2973 1072 παρουσίας
3004 1000 3084 1071 (9)
3115 997 3167 1053 ἐν
3194 1003 3313 1061 τοῖς
3355 997 3532 1073 ἁγίοις
3567 997 3776 1054 ἐλάλει·

2121 1083 2210 1138 καὶ
2243 1078 2383 1138 ἔστιν
2416 1082 2574 1146 οὗτος
2605 1084 2732 1160 ὅρος
2765 1087 3068 1161 ἀνθρώποις
3121 1086 3196 1149 εἷς
3228 1085 3550 1156 τελειότητα
3581 1087 3781 1165 φέρων,

2123 1174 2152 1229 '6
2179 1171 2225 1228 δ’
2258 1172 2316 1228 ἂν
2347 1173 2374 1228 6
2408 1173 2538 1235 Θεὸς
2569 1176 2865 1250 προστάξῃ,
2895 1181 3062 1231 τοῦτο
3092 1181 3288 1232 ποιεῖν.

2196 1265 2281 1318 12.
2318 1263 2413 1316 Διὰ
2439 1267 2600 1318 τοῦτο
2631 1265 2720 1318 καὶ
2751 1264 2910 1327 αὐνὸς
2945 1266 2973 1320 ὁ
3003 1265 3203 1340 Λόγος,
3237 1263 3306 1320 δι’
3363 1267 3512 1340 ἡμᾶς
3543 1266 3783 1341 γενόμε-

2121 1373 2214 1415 νος
2267 1350 2572 1424 ἄνθρωπος,
2633 1354 2936 1426 κατηξίωσε
2996 1355 3366 1428 ζητούμενος,
3427 1357 3504 1418 ὡς
3561 1359 3728 1429 ἡμεῖς
3767 1404 3782 1429 ,

2122 1438 2412 1519 κρυϐῆναι·
2473 1444 2563 1497 καὶ
2619 1441 2784 1498 πάλιν
2841 1441 3217 1517 διωκόμενος,
3276 1444 3490 1522 φεύγειν
3545 1446 3635 1500 καὶ
3683 1448 3786 1516 την

2124 1527 2424 1602 ἐπιϐουλὴν
2475 1531 2740 1588 ἐκκλῖναι.
2793 1535 3031 1607 Ἔπρεπε
3071 1534 3176 1609 γὰρ
3238 1533 3418 1605 αὐτὸν,
3468 1535 3543 1597 ὠς
3597 1533 3656 1590 ἐκ
3683 1540 3783 1590 τοῦ

2122 1626 2311 1696 πεινῇν
2344 1623 2433 1677 xui
2466 1620 2654 1697 διψῇν,
2701 1621 2792 1678 καὶ
2836 1627 2934 1677 τοῦ
2981 1625 3186 1693 παθεῖν,
3238 1622 3412 1685 οὕτως
3460 1625 3551 1678 καὶ
3596 1623 3656 1679 ἐκ
3683 1628 3784 1678 τοῦ

2121 1711 2444 1787 κρύπτεσθαι
2501 1713 2592 1767 καὶ
2641 1712 2887 1791 φεύγειν,
2949 1709 3208 1768 δεικνύειν
3271 1713 3456 1768 ἑαυτὸν
3516 1716 3629 1787 (10)
3686 1734 3785 1792 φο·

2124 1805 2322 1878 ροῦντα
2377 1803 2548 1878 σάρκα
2594 1802 2684 1856 καὶ
2739 1801 3029 1878 γενόμενον
3091 1801 3388 1879 ἄνθρωπον.
3452 1804 3537 1874 Ἐξ
3598 1804 3784 1880 ἀρχῆς

2127 1891 2220 1965 μὲν
2280 1893 2384 1968 γὰρ
2444 1893 2557 1965 ἅμα
2607 1896 2688 1965 τῷ
2747 1892 2992 1967 γενέσθαι
3051 1889 3356 1968 ἄνθρωπος,
3416 1891 3507 1948 ὅτε
3563 1891 3784 1948 παιδίον

2121 1981 2212 2052 ἧν,
2269 1980 2430 2043 αὐτὸς
2484 1977 2572 2035 διὰ
2618 1986 2714 2036 τοῦ
2773 1978 3012 2057 ἀγγέλου
3072 1979 3376 2037 ἐνετείλατο
3430 1986 3510 2054 τῷ
3559 1983 3781 2062 Ἰωσήφ⁶

2067 2068 2392 2146 -Ἒγερθεῖς
2462 2065 2748 2146 παράλαϐε
2823 2071 2885 2125 τὸ
2960 2067 3178 2125 παιδίον
3253 2069 3344 2125 καί
3395 2071 3496 2141 τῆν
3573 2071 3785 2147 μητέρα

2122 2159 2306 2232 αὐτοῦ,
2355 2158 2448 2215 καὶ
2496 2164 2662 2239 φεῦγε
2712 2161 2789 2223 είς
2842 2157 3119 2235 Αἴγυπτον
3149 2179 3162 2192 ⁸
3221 2158 3414 2234 μέλλει
3461 2161 3566 2238 γὰρ
3615 2162 3788 2238 Ἡρώ-

2123 2247 2225 2321 δης
2285 2255 2462 2320 ζητεῖν
2523 2251 2624 2319 τήν
2685 2251 2871 2326 ψυχὴν
2930 2255 3027 2305 τοῦ
3084 2247 3306 2306 παιδίου
3343 2296 3356 2308 .
3414 2251 3514 2306 Καὶ
3575 2251 3783 2306 ἀποθα-

2120 2339 2307 2402 νόντος
2369 2336 2426 2394 δὲ
2469 2336 2740 2414 Ἡρώδου,
2792 2339 3037 2418 φαίνεται
3085 2337 3154 2394 δι’
3197 2337 3501 2417 Ἃρχέλαον
3548 2341 3639 2395 τὸν
3669 2341 3783 2396 υἱὸν

2122 2429 2287 2484 αὐτοῦ
2317 2429 2617 2504 ἀναχωρῶν
2649 2429 2724 2491 εἷς
2771 2430 2871 2499 τήν
2921 2431 3181 2506 Ναζαρέτ.
3214 2432 3340 2484 ’Ὀτε
3371 2427 3429 2484 δὲ
3468 2427 3660 2484 λοιπὸν
3694 2430 3784 2485 καὶ

2123 2519 2252 2575 Θεὸν
2283 2517 2469 2573 ἑαυτὸν
2521 2516 2778 2592 ἐδείκνυε,
2835 2518 2925 2573 καὶ
2981 2521 3080 2588 τῆν
3140 2519 3304 2594 ξηρὰν
3355 2519 3517 2596 χεῖρα
3556 2519 3787 2590 πεποίη-

2121 2630 2210 2664 κεν
2258 2610 2405 2685 ὑγιᾶ,
2456 2609 2508 2662 οἱ
2557 2609 2651 2682 μὲν
2704 2614 3015 2686 Φαρισαῖοι,
3067 2607 3398 2679 ἐξελθόντες,
3443 2605 3782 2680 συμϐούλιον

2125 2693 2319 2754 ἔλαϐον
2351 2699 2468 2753 κατ’
2515 2697 2702 2768 αὐτοῦ,
2753 2697 2902 2760 ὅπως
2932 2697 3092 2752 αὐτὸν
3134 2696 3502 2752 ἀπολέσωσιν·
3537 2699 3565 2752 ὁ
3600 2695 3658 2753 δὲ
3679 2699 3788 2769 Ἰη-

2123 2793 2250 2851 σοῦς
2303 2787 2463 2864 γνοὺς
2523 2789 2866 2864 ἀνεχώρησεν
2926 2785 3146 2842 ἐκεῖθεν.
3207 2785 3306 2840 Καὶ
3365 2787 3469 2862 γὰρ
3527 2785 3618 2840 ὅτε
3667 2789 3786 2860 (11)

2122 2879 2213 2934 τὸν
2260 2879 2502 2952 Λάζαρον
2551 2875 2766 2953 ἤγειρεν
2818 2876 2877 2931 ἐκ
2922 2879 3167 2952 νεκρῶν,
3225 2875 3345 2932 Ἀπ’
3394 2873 3623 2947 ἐκείνης,
3675 2897 3780 2953 (ρη-

2126 2967 2222 3036 σὶ,
2283 2974 2384 3037 τῆς
2442 2967 2652 3043 ἡμέρας
2729 2960 3120 3020 ἐϐουλεύσαντο
3155 3008 3172 3032 ,
3224 2961 3319 3019 *ἱνα
3389 2963 3776 3020 ἀποκτείνωσιν

2125 3055 2283 3112 αὐτόν
2319 3101 2332 3114 .
2391 3058 2449 3110 Ὀ
2501 3054 2592 3110 οὗν
2649 3056 2858 3126 Ἰησοῦς
2918 3053 3096 3109 οὐκέτι
3166 3053 3444 3130 παρρησίᾳ
3497 3055 3779 3125 περιεπά-

2121 3168 2203 3203 τει
2262 3146 2311 3202 ἐν
2392 3151 2511 3208 τοῖς
2569 3142 2854 3206 Ἰουδαίοις
2887 3191 2903 3218 ,
2960 3141 3089 3199 ἀλλ’
3147 3141 3386 3213 ἀπῆλθεν
3443 3140 3639 3218 ἐκεῖθεν
3700 3142 3779 3205 εὶς

2123 3239 2222 3307 τὴν
2272 3238 2459 3314 χώραν
2524 3234 2688 3311 ἐγγὺς
2739 3240 2838 3304 τῆς
2898 3233 3129 3307 ἐρήμου.
3190 3232 3323 3288 Εἶτα
3379 3229 3635 3308 λέγοντος
3683 3235 3784 3286 τοῦ
3849 3238 3851 3240 ’

2129 3333 2412 3401 Σωτῆρος,
2447 3324 2579 3401 Πρὶν
2631 3319 2887 3399 Ἀϐραὰμ
2930 3321 3196 3398 γενέσθαι,
3243 3321 3353 3397 ἐγώ
3403 3321 3538 3396 εἶμι,
3600 3321 3653 3375 οἱ
3689 3321 3783 3394 μὶν

2126 3414 2380 3471 Ἰουδαῖοι
2437 3417 2572 3491 ἦραν
2629 3415 2741 3486 (12)
2802 3411 2989 3475 λίθους
3027 3457 3040 3483 ,
3093 3409 3183 3466 *ἱνα
3245 3409 3488 3488 βάλωσιν
3558 3408 3639 3464 ἐπ’
3691 3409 3787 3464 αὖ·

363 3500 472 3554 τὸν·
507 3501 535 3555 6
567 3498 624 3557 δὲ
655 3503 868 3573 Ἰησοῦς
899 3499 1124 3580 ἐκρύϐη,
1155 3503 1246 3559 καὶ
1279 3502 1500 3576 ἐξῆλθεν
1552 3505 1610 3560 ἐκ
1655 3510 1752 3560 τοῦ
1805 3507 1971 3581 ἱεροῦο
2017 3506 2130 3578 καὶ,
2182 3502 2416 3560 Διελθὼν
2470 3499 2559 3558 διὰ
2605 3503 2770 3576 μέσου
2825 3501 3021 3572 αὑτῶν,
3072 3499 3379 3577 ἐπορεύετο,
3424 3499 3512 3554 καὶ
3542 3505 3786 3575 παρῆγεν

365 3587 561 3652 οὕτως.

439 3681 525 3735 13.
555 3685 686 3737 Haec
714 3698 851 3755 ergo
873 3699 1007 3739 eum
1038 3684 1294 3755 videant,
1335 3701 1437 3741 seu
1497 3687 1692 3758 potius
1749 3687 2013 3759 audiant,

366 3769 514 3826 nihil
545 3772 760 3844 quippe
782 3772 979 3829 vident
1003 3790 1016 3828 :
1040 3775 1445 3845 quomodo,uti
1478 3775 1764 3849 scriptum
1785 3780 2016 3844 est,non

368 3864 573 3931 Optant
605 3861 738 3934 igne
768 3862 1053 3932 comburi,
1088 3880 1220 3919 cum
1253 3866 1434 3937 gestis
1465 3865 1862 3937 doctrinaque
1905 3866 2018 3921 Do-

371 3948 515 4004 mini
549 3951 793 4007 adversa
821 3952 935 4025 ipsi
965 3953 1212 4009 consilia
1234 3953 1436 4010 ineant
1463 3955 1756 4028 verbaque
1785 3956 2020 4028 profun-

373 4037 561 4094 dant”
573 4039 826 4096 ?Etenim
851 4057 984 4096 cum
1010 4041 1264 4099 Joannes
1281 4044 1625 4116 martyrium
1657 4044 2022 4114 subiisset,et

373 4126 649 4200 discipuli
681 4129 810 4200 ejus
839 4146 1050 4202 corpus
1081 4131 1551 4202 humassent,his
1571 4134 1788 4190 auditis
1819 4134 2015 4204 Jesus,

373 4218 588 4273 recessit
617 4217 743 4274 mde
773 4219 830 4274 in
876 4221 1138 4276 navicula
1194 4222 1255 4276 in
1311 4222 1488 4277 locum
1543 4223 1811 4278 desertum
1867 4240 2018 4280 seor-

372 4322 494 4361 sum
521 4308 586 4362 ²⁴.
621 4308 753 4364 Haec
781 4313 947 4365 erant
977 4309 1156 4383 igitur
1185 4311 1416 4366 Domini
1448 4316 1614 4384 gesta
1647 4329 1660 4367 :
1711 4313 1833 4368 haec
1890 4313 2020 4384 ejus

374 4397 658 4454 doctrina.
693 4397 928 4455 Utinam
959 4398 1040 4454 illi
1071 4399 1156 4455 vel
1189 4402 1270 4456 ita
1291 4400 1498 4458 saltem
1530 4403 2024 4467 erubescerent,et

2199 3686 2286 3741 13.
2320 3684 2459 3759 Ἀρα
2482 3681 2652 3736 ταῦτα
2704 3677 3021 3756 βλέποντες,
3079 3675 3293 3752 μᾶλλον
3343 3675 3400 3733 δὲ
3429 3677 3526 3732 κᾶν
3560 3676 3787 3733 ἀκούον-

2124 3794 2212 3836 τες
2245 3774 2380 3847 (13),
2413 3769 2528 3826 ἐπεὶ
2581 3771 2656 3844 μή
2716 3767 3000 3846 βλέπουσι,
3053 3771 3174 3830 πῶς
3205 3768 3342 3822 κατὰ
3368 3767 3432 3822 τὸ
3463 3767 3790 3842 γεγραμμέ-

2125 3884 2216 3918 νον
2263 3861 2324 3917 ού
2374 3858 2666 3930 θελήσουσι
2713 3859 2958 3934 γενέσθαι
3008 3856 3388 3932 πυρίκαυστοι,
3442 3855 3528 3910 ὅτι
3577 3855 3792 3911 ἐναντία

2127 3953 2200 4007 ὧν
2263 3953 2290 4006 6
2340 3948 2536 4024 Κύριος
2594 3953 2743 4003 ποιεῖ
2796 3948 2887 4002 καὶ
2944 3943 3232 4016 διδάσκει,
3289 3943 3645 4021 βουλεύονται
3697 3946 3789 4000 xui

2127 4041 2453 4120 φθέγγονται
2503 4056 2518 4108 ;
2578 4037 2677 4093 Kui
2725 4039 2830 4114 γὰρ
2889 4035 2978 4091 ὅτε
3036 4036 3291 4105 Ἰωάννης
3349 4035 3741 4111 μεμαρτύρηκε
3773 4079 3788 4106 ,

2125 4130 2216 4186 καὶ
2248 4131 2300 4184 οἱ
2347 4128 2583 4203 μαθηταὶ
2629 4127 2691 4181 τὸ
2739 4131 2901 4200 σῶμα
2952 4120 3172 4198 ἔθαψαν,
3226 4123 3464 4180 ἀκούσασ
3495 4125 3523 4180 ὁ
3553 4129 3789 4197 Ἰησοῦς,

2128 4221 2474 4295 ἀνεχώρησεν
2534 4217 2730 4273 ἐκεῖθεν
2800 4215 2852 4272 ἐν
2929 4212 3114 4287 πλοίῳ
3193 4214 3268 4277 εἰς
3350 4213 3558 4290 ἔρημον
3626 4213 3795 4269 τόπον

2127 4317 2242 4366 κατ’
2274 4307 2434 4366 ἰδίαν.
2469 4310 2526 4362 Ὀ
2580 4309 2674 4382 μὲν
2729 4307 2819 4361 οὗν
2869 4305 3066 4381 Κύριος
3097 4304 3270 4360 ἐποίει
3318 4309 3510 4376 ταῦτα,
3559 4303 3649 4360 καὶ
3679 4307 3796 4378 (14)

2132 4400 2306 4462 οὕτως
2364 4396 2660 4454 ἐδίδασκεν.
2710 4395 2834 4452 Εἴθε
2889 4393 2946 4451 δὲ
2995 4395 3143 4450 οὗτοι
3202 4394 3298 4449 κᾶν
3336 4393 3509 4457 οὕτως
3571 4394 3794 4470 αἰσχυν-

374 4487 644 4544 homines
675 4488 866 4544 solum
899 4506 1008 4544 sua
1027 4491 1355 4546 temeritate
1405 4492 1882 4563 aggrederentur,
1913 4508 2016 4547 nec

2134 4494 2280 4557 θῶσι,
2339 4489 2429 4543 καὶ
2493 4487 2661 4564 μέχρι
2717 4492 2825 4542 τῶν
2887 4486 3182 4559 ἀνθρώπων
3243 4485 3513 4555 στήσωσιν
3585 4485 3792 4539 ἑαυτῶν

377 4578 597 4650 majore
625 4578 783 4634 ducti
816 4579 1044 4635 insania
1075 4579 1266 4651 ipsum
1301 4579 1658 4637 Salvatorem
1690 4579 2023 4636 timiditatis

2130 4581 2228 4649 τήν
2266 4578 2611 4655 μροπέτειαν,
2661 4576 2750 4631 καὶ
2815 4577 2889 4650 μή
2939 4573 3106 4630 πλέον
3159 4575 3411 4648 μανέντες
3457 4572 3798 4649 ἐγκαλέσωσι

376 4667 744 4724 incusarent!
770 4685 836 4724 eo
870 4668 1026 4724 enim
1054 4661 1388 4725 tandemilli
1411 4671 1711 4742 devenere,
1733 4677 1800 4726 ut
1825 4673 2016 4726 contra

2134 4668 2328 4741 καὶτῷ
2361 4673 2579 4742 Σωτῆρι
2612 4663 2838 4738 δειλίαν,
2891 4663 3026 4734 ἅπαξ
3074 4663 3191 4717 κατ’
3241 4661 3406 4717 αὐτοῦ
3445 4660 3794 4742 βλασφημεῖν

372 4755 540 4813 illum
573 4757 770 4814 ausint
799 4756 1346 4831 blasphemare.Sed
1370 4759 1452 4814 ita
1472 4759 1821 4816 furibundos
1840 4759 2028 4816 homi-

375 4862 478 4902 nes
511 4863 680 4902 nemo
714 4847 879 4902 ferat.
912 4847 1059 4910 Quin
1093 4847 1268 4902 etiam
1301 4847 1440 4902 hinc
1487 4848 1786 4904 evincetur
1843 4849 2024 4904 Evan-

372 4935 524 5008 gelia
556 4935 688 4992 illos
720 4936 942 4992 minine
972 4953 1198 5009 capere.
1222 4937 1413 4994 Causa
1441 4941 1638 4994 autem
1673 4955 1940 4996 secessus
1961 4955 2028 4995 ac

376 5026 523 5100 fugae
553 5025 890 5095 Salvatoris,
922 5043 1101 5098 quam
1133 5025 1498 5100 evangelista:
1533 5033 1882 5097 memorant,
1935 5047 2024 5085 ra-

2140 4757 2570 4833 μελετήσαντεςΙ
2633 4751 2792 4809 Ἀλλ’
2849 4748 2972 4808 οὔτε
3050 4753 3391 4827 μαινομένων
3469 4751 3644 4807 αὐτῶν
3708 4773 3796 4815 τις

2136 4847 2392 4918 ἀνέξεται·
2448 4842 2660 4918 μᾶλλον
2711 4841 2769 4898 δὲ
2815 4844 2905 4898 xui
2947 4843 3015 4897 τὰ
3058 4839 3369 4917 Εὑαγγέλια
3420 4843 3494 4916 μή
3543 4846 3797 4905 νοοῦντες

2138 4934 2591 5014 ἐλεγχθήσονται.
2641 4939 2794 4988 Ἔστι
2845 4933 2949 5008 γὰρ
2998 4934 3032 5002 ἡ
3085 4931 3354 5010 πρόφασις
3400 4938 3500 5000 τῆς
3531 4931 3798 5002 τοιαύτης

2135 5027 2541 5102 ἀναχωρήσεως
2573 5025 2662 5078 καὶ
2707 5028 2885 5101 φυγῆς
2941 5019 3172 5096 εὔλογος
3202 5021 3293 5075 καὶ
3325 5019 3563 5092 ἀληθὴς,
3595 5023 3660 5090 ἢν
3705 5020 3798 5076 ἐπὶ

448 5145 493 5180 ¹⁷
524 5142 728 5199 Matth.
759 5159 914 5211 xxxv,
947 5143 1127 5198 15ο18.
1154 5143 1198 5179 1⁸
1230 5143 1439 5199 Matth.
1489 5159 1554 5208 ll,
1579 5145 1666 5199 13.
1721 5146 1765 5180 1°
1819 5145 2016 5201 Matth.

2134 5161 2220 5213 va,
2265 5145 2321 5199 4.
2387 5143 2434 5179 ³ο
2460 5142 2629 5199 Joan.
2663 5158 2743 5209 x1,
2771 5140 2863 5209 53,
2891 5139 2974 5195 54.
3042 5141 3087 5179 εί
3147 5139 3316 5195 Joan.
3374 5155 3497 5212 VIII,
3553 5139 3644 5208 58,
3703 5139 3799 5194 59.

370 5213 580 5272 "Luc.
615 5233 693 5287 1v,
734 5215 822 5270 30.
882 5215 926 5254 2³
984 5215 1093 5270 lsa.
1151 5232 1229 5283 ιι,
1282 5217 1337 5270 5.
1398 5217 1443 5250 ²⁴
1497 5216 1701 5272 Matth.
1759 5234 1874 5272 xxv.
1928 5218 2016 5272 13.

552 5349 803 5423 Anglic.,
836 5345 913 5410 εἷς
941 5347 1010 5402 τὰ
1039 5367 1164 5422 ορη.
1199 5347 1298 5402 Καὶ
1328 5349 1377 5405 6.
1414 5350 1572 5408 Infra
1601 5351 1783 5421 idem,
1805 5347 1893 5404 ἐπὶ
1922 5355 2022 5418 τῆς

375 5420 573 5483 οἰκίας.
650 5420 672 5423 ⁷
789 5420 794 5422 ’
1075 5420 1082 5422 ⁷

448 5495 525 5565 (9)
556 5492 807 5566 Anglia,
839 5487 1142 5566 πολιτείας.

593 5558 755 5646 Ηξες
779 5564 851 5646 ’ἐκ
876 5567 974 5646 τού
1006 5558 1267 5646 δείκνυσιν
1303 5561 1512 5646 ἐαυτόν,
1554 5563 1791 5646 omissis
1846 5563 2025 5646 inter-

381 5633 610 5707 mediis.
643 5633 814 5707 Editi,
849 5633 1030 5707 αὑτός.
1065 5635 1255 5707 Angl.,
1290 5635 1461 5697 οὕτως
1493 5636 1580 5689 xui
1613 5633 1671 5689 ἐκ
1699 5635 1893 5690 τούτου
1927 5635 2029 5690 δει-

1518 5707 1716 5792 armis.
1763 5707 1893 5792 μὶγ..
1916 5709 2028 5792 ira

376 5777 437 5832 τὸ
467 5797 580 5854 γεν.
614 5779 792 5838 Paulo
823 5782 976 5852 post,
1003 5777 1094 5835 ὅτε
1122 5781 1374 5855 deest_in
1401 5777 1628 5854 Anglic;
1658 5777 1816 5838 Idem
1839 5777 2027 5855 [ibid.,

377 5705 550 5759 κνύειν
612 5705 807 5761 ἑαυτὸν
859 5705 1361 5780 ἐνανθρωπήσαντα,
1417 5708 1466 5778 ἐξ

2133 5347 2224 5403 καὶ
2263 5346 2446 5410 αὑτός.

2234 5421 2320 5492 11)
2350 5421 2440 5477 Sic
2471 5418 2690 5492 Regius
2719 5421 2774 5474 et
2803 5415 3102 5492 Anglican.
3167 5415 3341 5483 Editi,
3374 5413 3472 5469 Kui
3518 5415 3622 5491 γὰρ
3680 5413 3799 5474 καί.

2234 5486 2320 5562 12)
2350 5497 2506 5548 Socr.
2540 5486 2598 5548 et
2626 5490 2775 5558 Nic.,
2803 5486 3022 5562 ἔλαϐον.

2234 5557 2318 5630 13)
2353 5565 2537 5630 Socr.,
2569 5557 3193 5633 xu'tuvooiivrsc._Paulo
3213 5563 3344 5630 post
3380 5558 3630 5633 Anglic.,
3663 5558 3710 5631 ᾦ
3770 5561 3801 5614 ὁ

2137 5628 2269 5698 Θεός
2302 5628 2472 5690 ἐποίει
2499 5628 2588 5687 καὶ
2623 5630 2860 5687 διδάσκει
2894 5628 3206 5708 βούλονται.

2209 5709 2324 5782 (14)
2357 5705 2453 5760 Καί
2487 5707 2650 5764 deest
2681 5706 2738 5762 in
2781 5702 3008 5779 Anglic.
3072 5703 3231 5759 Infra
3289 5702 3531 5776 Regius,
3567 5703 3804 5773 στήσου-

2139 5800 2242 5836 σιν.
