4132 6376
385 397 506 459 663

927 400 994 462 S.
1039 401 1470 466 ATHANASII
1513 403 1686 467 OPP.
1738 404 1935 467 PARS
1980 405 2030 467 ἰ.
2061 437 2141 465 -.-
2170 404 2592 470 HISTOBICA
2633 407 2736 471 ET
2778 407 3259 473 DOGMATIGA.

3681 407 3803 477 664

387 534 568 608 probe
599 534 748 592 scire
798 543 1050 609 sanctos,
1087 540 1405 616 unicuique
1452 541 1760 602 hominum
1808 549 2037 620 tempus

2157 535 2324 615 λόγος
2346 539 2472 604 τοὺς
2495 540 2684 617 ἁγίους
2702 539 2898 598 εἰδέναι
2920 541 3118 618 χρόνον
3136 543 3344 616 ἑκάστῳ
3366 562 3607 619 μεμετρη
3621 544 3805 618 μένον.

387 643 516 684 esse
547 629 905 687 dimensum.
940 633 1099 698 Quod
1132 638 1326 690 autem
1362 652 1532 692 nemo
1563 635 1722 693 illius
1751 638 2034 708 temporis

389 718 711 774 terminum
745 721 921 791 norit,
955 730 1302 794 argumento
1331 725 1477 782 illud
1507 731 1614 794 est,
1658 727 1812 799 quod
1853 728 2035 785 David

390 806 582 862 dicat:
630 811 975 866 Paucz'tatem
1013 812 1232 869 dierum
1270 831 1515 872 meorum
1550 819 1748 874 nuntia
1787 803 1934 874 milli
1951 817 2035 874 ἰε

389 896 470 952 rei
491 913 746 970 namque
771 901 942 969 cujus
965 901 1206 974 ignarus
1228 909 1351 960 erat
1373 905 1638 961 notitiam
1677 907 2034 980 postulabat.

392 987 781 1051 Quamobrem
814 989 975 1046 dives
1005 989 1102 1046 ille
1135 993 1236 1064 qui
1284 1011 1346 1050 se
1385 995 1484 1052 diu
1515 996 1805 1052 victurum
1838 997 2036 1052 existi-

389 1076 608 1144 mabat,
633 1078 755 1133 haec
787 1079 1043 1136 audivit:
1077 1082 1274 1149 Stulte,
1307 1084 1408 1140 hac
1436 1095 1587 1143 nocte
1631 1095 1872 1158 repetent
1919 1090 2039 1144 ani-

387 1181 538 1220 mam
557 1174 712 1222 tuam
738 1185 750 1223 :
777 1184 902 1240 qua
920 1175 1106 1226 autem
1122 1175 1341 1244 parasti
1357 1175 1509 1246 cujus
1528 1185 1688 1232 erunt
1709 1176 1753 1211 ³⁸
1773 1177 1800 1230 ‘?
1844 1177 2036 1233 Eccle-

391 1253 602 1311 siastes
632 1273 767 1311 vero
799 1275 932 1314 cum
972 1260 1214 1331 Spiritui
1262 1269 1463 1321 sancto
1508 1266 1844 1326 confideret.
1888 1267 2038 1322 hanc

394 1342 638 1412 protulit
662 1347 1013 1404 sententiam
1041 1365 1054 1403 :
1081 1355 1146 1406 Et
1186 1355 1355 1408 nescit
1391 1353 1544 1410 homo
1563 1362 1772 1426 tempus
1791 1372 1954 1410 suum
1969 1357 2033 1409 ³⁷.

393 1429 645 1505 Ideoque
677 1435 1011 1505 patriarcha
1043 1440 1200 1496 Isaac
1233 1440 1353 1498 haec
1386 1441 1505 1498 filio
1531 1460 1638 1500 suo
1660 1445 1812 1500 Esau
1844 1444 2040 1517 loque-

393 1519 569 1576 batur
595 1541 608 1580 :
643 1524 774 1579 Ecce
793 1541 886 1597 ego
909 1529 1088 1595 senui,
1113 1531 1373 1599 etignoro
1408 1532 1551 1588 diem
1584 1535 1782 1589 mortis
1813 1549 1951 1592 mea?
1969 1536 2034 1589 ⁸⁸.

391 1609 592 1681 Itaque
613 1611 919 1684 Dominus,
949 1621 1149 1688 utpote
1198 1619 1351 1675 Deus
1398 1638 1465 1676 ac
1521 1621 1777 1678 Verbum
1822 1623 2037 1693 Patris,

390 1714 610 1770 gnarus
632 1706 776 1773 quot
796 1704 1009 1776 cuique
1030 1723 1215 1764 annos
1235 1713 1390 1766 esset
1418 1710 1544 1783 ipse
1574 1712 1902 1782 dimensus,
1935 1729 2038 1769 nec

391 1787 671 1860 ignorans
697 1793 991 1862 quodnam
1024 1796 1258 1867 proprio
1305 1800 1530 1870 corpori
1569 1801 1642 1856 ad
1694 1802 2036 1873 patiendum

388 1881 626 1949 tempus
655 1881 1096 1951 praeﬁnivisset:
1157 1887 1434 1957 quoniam
1488 1905 1592 1961 pro
1640 1891 1810 1947 nobis
1862 1891 2037 1947 homo
2068 1912 2114 1978 B

393 1965 582 2022 factus
611 1972 754 2034 erat,
787 1969 993 2026 diebus
1014 1976 1236 2030 statum
1262 1979 1496 2049 tempus
1520 1981 2033 2051 praecurrentibus,

391 2070 552 2111 more
572 2061 790 2125 nostro,
825 2075 954 2115 sese
983 2061 1124 2118 dum
1155 2070 1515 2134 quaereretur
1563 2067 1913 2136 occultabat,
1946 2069 2034 2124 in-

389 2142 687 2216 sidiasque
715 2146 1038 2216 declinans,
1070 2151 1152 2208 sic
1184 2154 1535 2224 praeteribat,
1570 2173 1637 2212 ac
1669 2173 1770 2229 per
1795 2158 2037 2214 medium

390 2233 617 2288 illorum
649 2235 764 2291 ibat
782 2237 848 2295 39.
881 2238 1024 2293 Cum
1057 2244 1253 2297 autem
1287 2243 1598 2300 deﬁnitum
1629 2263 1662 2302 a
1692 2263 1754 2302 se
1802 2250 2040 2320 tempus

392 2322 736 2380 adduxisset
758 2325 1033 2400 ipse,quo
1055 2331 1433 2403 corporaliter
1465 2351 1568 2406 pro
1611 2336 1887 2392 omnibus
1918 2337 2038 2408 pati

392 2411 743 2485 decreverat,
768 2416 839 2471 de
861 2415 969 2473 hoc
993 2417 1121 2490 ipso
1143 2424 1403 2493 tempore
1428 2423 1658 2480 Patrem
1695 2425 2036 2497 alloquitur,

391 2499 486 2557 his
514 2502 707 2560 verbis
732 2520 744 2558 :
777 2507 964 2572 Pater,
998 2511 1150 2564 venit
1178 2511 1315 2566 hora
1344 2529 1363 2566 :
1388 2513 1635 2583 gloriﬁca
1655 2515 1862 2570 Filium
1883 2520 2036 2571 tuum

389 2589 462 2644 ‘0:
497 2607 601 2647 nec
631 2609 760 2650 sese
781 2594 936 2651 ultra
965 2598 1036 2654 ab
1077 2598 1512 2671 inquirentibus
1555 2603 1883 2673 abscondit,
1937 2606 2039 2662 sed

392 2679 590 2768 stabat
617 2685 684 2738 ut
715 2686 1323 2757 comprehenderetur.
1346 2691 1492 2747 Nam
1516 2691 1769 2762 dixit,ait
1787 2695 2041 2768 Evange-

392 2766 562 2838 lium,
593 2770 667 2825 iis
690 2771 790 2842 qui
822 2790 885 2828 se
913 2775 1190 2834 adibant:
1242 2780 1409 2847 Quem
1455 2783 1704 2852 quwrz‘tis
1727 2782 1755 2836 ?
1804 2766 2041 2855 illisque

395 2859 915 2929 respondentibus:
966 2866 1153 2922 Iesum
1199 2873 1574 2936 Nazarenum,
1629 2870 1711 2926 ait
1751 2871 1898 2927 illis:
1931 2874 2041 2944 Ego

391 2963 513 3002 sum
543 2964 718 3020 quem
751 2952 1014 3022 quaeritis
1045 2955 1087 2991 ‘1
1117 2981 1130 3024 ;
1165 2973 1354 3030 neque
1385 2959 1561 3015 semel
1601 2961 1905 3026 duntaxat,
1938 2963 2040 3017 sed

392 3039 449 3092 et
475 3037 687 3095 iterum
719 3039 862 3096 illud
893 3043 1048 3115 egit:
1101 3047 1399 3132 atque.ita
1432 3048 1641 3105 deinde
1670 3050 2043 3107 adduxerunt

390 3141 524 3181 eum
559 3129 628 3183 ad
665 3128 934 3187 Pilatum.
961 3132 1135 3190 Porro
1159 3128 1346 3209 neque
1365 3142 1497 3194 ante
1518 3144 1752 3212 tempus
1775 3140 2043 3212 permisit

390 3232 454 3275 se
484 3218 883 3289 apprehendi:
938 3239 1127 3294 neque
1162 3241 1297 3282 cum
1348 3231 1583 3299 tempus
1641 3230 1870 3286 adesset
1911 3246 2038 3286 sese

2146 635 2251 685 Τοῦ
2300 627 2357 685 8‘s
2409 628 2616 704 μηδένα
2664 633 2948 707 γινώσκειν
2999 633 3062 687 τὸ
3109 631 3268 696 τέλος
3297 637 3396 689 τοῦ
3426 633 3632 710 χρόνου
3663 637 3808 710 γνώ-

2147 739 2314 795 ρισμα
2350 721 2412 776 τὸ
2445 719 2622 796 λέγειν
2655 723 2744 778 τὸν
2779 717 2945 777 Δαϐίδ
2969 741 2981 754 °
3016 724 3123 792 Τὴν
3171 721 3476 798 ὀλιγότητα
3521 729 3630 779 τῶν
3665 728 3804 800 ἡμε-

2147 814 2254 885 ρῶν
2317 832 2420 884 μου
2489 809 2810 887 ἀνάγγειλόν
2876 831 3007 885 μοι·
3070 812 3100 866 ’ὁ
3159 814 3263 887 γὰρ
3336 811 3437 868 οὐκ
3508 813 3799 887 ἠπίστατο,

2144 903 2305 954 τοῦτο
2361 901 2542 972 μαθεῖν
2593 900 2768 971 ἠξίου.
2801 903 2900 957 Διά
2945 905 3108 956 τοῦτο
3153 906 3283 976 γοῦν
3317 903 3345 956 ὁ
3389 899 3679 975 πλούσιος,
3712 924 3799 959 νο-

2152 989 2321 1062 μίζων
2369 985 2444 1044 ἔτι
2491 987 2661 1046 πολὺν
2711 992 2960 1059 ζήσεσθαι
3007 990 3230 1067 χρόνον,
3261 988 3492 1060 ἤκουσεν
3521 1011 3534 1024 ⁸
3571 994 3837 1070 Ἀφρον,-

2145 1077 2310 1152 ταύτῃ
2365 1083 2435 1152 τῇ
2489 1079 2639 1134 νυκτὶ
2702 1080 2924 1150 ζητοῦσι
2989 1101 3086 1134 σου
3139 1081 3240 1150 τήν
3301 1084 3486 1157 ψυχήν
3545 1084 3660 1152 (23)
3695 1105 3706 1116 ·
3773 1081 3806 1137 ἃ

2148 1164 2205 1222 δὲ
2280 1168 2583 1241 ἡτοίμασας
2654 1168 2764 1224 τίνι
2849 1167 3033 1238 ἔσται;
3112 1171 3166 1223 Ὀ
3241 1167 3298 1225 δέ
3368 1168 3802 1240 Ἐκκλησιαστής

2148 1256 2505 1334 ἀποφαίνεται
2563 1258 2774 1334 θαρῥῶν
2820 1263 2899 1330 τῷ
2946 1258 3218 1331 Πνεύματι
3263 1264 3342 1332 τῷ
3375 1258 3538 1334 ἁγίῳ,
3571 1260 3662 1314 καί
3696 1283 3803 1338 φη-

2148 1364 2237 1400 σι·
2275 1347 2372 1402 Καί
2431 1368 2495 1422 γε
2548 1347 2648 1402 οὐκ
2703 1343 2845 1423 ἔγνω
2904 1349 3189 1422 ἅνθρωπος
3229 1349 3320 1404 τὸν
3374 1350 3561 1424 καιρὸν
3616 1349 3801 1406 αὐτοῦ.

2148 1437 2246 1489 Διά
2299 1440 2458 1491 τοῦτο
2515 1438 2620 1512 γὰρ
2662 1437 2752 1491 καὶ
2803 1438 3209 1514 ὁπατριάρχης
3269 1437 3449 1492 Ἰσαὰκ
3508 1435 3665 1512 ἔλεγε
3721 1441 3804 1510 τῷ

2147 1525 2249 1596 υἱῷ
2306 1526 2468 1580 αὑτοῦ
2529 1527 2692 1581 Ἠσαῦ
2719 1545 2731 1558 ·
2767 1523 2906 1581 Ἰδοὺ
2967 1524 3076 1600 ἐγὼ
3135 1529 3438 1602 γεγήρακα,
3472 1526 3563 1581 καὶ
3608 1527 3671 1582 οὑ
3717 1548 3802 1601 γι-

2145 1614 2340 1668 νώσκω
2395 1615 2496 1683 τὴν
2554 1615 2762 1690 ἡμέραν
2820 1621 2921 1684 τῆς
2980 1612 3242 1684 τελευτῆς
3299 1636 3425 1688 μου.
3468 1617 3526 1670 Ὃ
3561 1617 3655 1688 μὶν
3703 1613 3796 1670 οὖν

2147 1702 2365 1778 Κύριος,
2396 1703 2577 1758 καίτοι
2635 1704 2766 1766 Θεὸς
2825 1701 2898 1758 ὣν
2957 1704 3047 1758 καὶ
3091 1703 3271 1779 Λόγος
3317 1708 3415 1759 τοῦ
3445 1706 3679 1781 Πατρὸς,
3707 1704 3802 1760 καὶ

2147 1789 2306 1854 εἰδὼς
2363 1792 2453 1846 τὸν
2521 1794 2854 1869 μετρηθέντα
2907 1798 3026 1856 τοῖς
3070 1799 3202 1848 πᾶσι
3263 1791 3332 1848 δι’
3363 1793 3527 1849 αὐτοῦ
3585 1796 3797 1870 καιρὸν,

2146 1881 2235 1936 καὶ
2291 1881 2574 1957 γινώσκων
2633 1882 2690 1937 ὃν
2751 1881 2910 1945 αὐτὸς
2971 1881 3136 1958 ὥρισε
3164 1882 3364 1955 καὶτῷ
3411 1880 3536 1956 ἰδίῳ
3586 1885 3801 1958 σώματι

2146 1970 2346 2046 χρόνον
2377 1970 2454 2033 εἷς
2479 1968 2542 2026 τὸ
2573 1973 2759 2026 παθεῖν
2788 1993 2800 2006 ο
2834 1969 3022 2041 ἐπειδὴ
3074 1969 3143 2026 δι’
3173 1974 3324 2044 ἡμᾶς
3380 1970 3660 2049 ἅνθρωπος
3707 1975 3800 2049 γέ-

2146 2080 2297 2136 γονε,
2325 2061 2422 2122 τὰς
2606 2060 2698 2133 μὲν
2749 2062 2854 2135 πρὸ
2900 2065 2998 2116 τοῦ
3042 2061 3132 2115 τὸν
3182 2061 3381 2137 χρόνον
3438 2059 3613 2117 ἐλθεῖν
3662 2064 3804 2136 ἡμέ-

2148 2169 2243 2225 ρας
2319 2150 2410 2204 καὶ
2477 2148 2660 2220 αὐτὸς,
2721 2150 2797 2213 ὡς
2856 2153 3043 2224 ἡμεῖς,
3086 2149 3377 2227 ἐκρύπτετο
3445 2150 3801 2225 ζητούμενος,

2149 2235 2480 2311 διωκόμενός
2535 2259 2596 2294 τε
2652 2233 2864 2317 ἔφευγε,
2894 2239 2985 2294 καὶ
3039 2240 3134 2302 τὰς
3192 2234 3487 2302 ἐπιϐουλὰς
3538 2237 3801 2296 ἐκκλίνων

2149 2327 2291 2383 οὕτω
2347 2325 2609 2405 διήρχετο
2664 2327 2755 2384 καὶ
2815 2327 2905 2383 διὰ
2984 2329 3148 2403 μέσου
3219 2327 3394 2384 αὐτῶν
3473 2328 3800 2406 ἐπορεύετοο

2149 2416 2238 2474 ὅτε
2287 2416 2345 2472 δὲ
2388 2418 2478 2473 καὶ
2523 2418 2616 2473 τὸν
2666 2419 2943 2493 ὁρισθέντα
2987 2420 3115 2494 παρ’
3153 2418 3317 2474 αὐτοῦ
3367 2419 3552 2494 καιρὸν
3599 2417 3806 2495 ἤγαγεν

2149 2506 2332 2579 αὐτὸς,
2389 2507 2440 2563 ἐν
2501 2511 2546 2580 ᾦ
2765 2509 2951 2562 παθεῖν
3014 2511 3343 2581 σωματικῶς
3400 2507 3531 2581 ὑπὲρ
3587 2509 3802 2563 πάντων

2147 2595 2333 2667 ἤθελε,
2363 2601 2554 2652 τοῦτον
2611 2597 2706 2670 μὲν
2756 2602 3074 2674 προσφωνεῖ
3108 2601 3188 2668 τῷ
3220 2596 3413 2672 Πατρῖ,
3445 2594 3623 2670 λέγων
3649 2617 3661 2629 ·
3692 2595 3804 2652 Πά-

2146 2707 2260 2760 τερ,
2295 2685 2558 2758 ἐλήλυθεν
2605 2689 2640 2757 ἡ
2693 2685 2845 2762 ὥρα·
2903 2684 3122 2757 δόξασόν
3181 2707 3276 2740 σου
3332 2684 3425 2740 τὸν
3485 2686 3648 2741 Υὶόν.
3708 2686 3807 2742 οὐκ

2151 2774 2227 2832 ἔτι
2288 2774 2346 2831 δὲ
2402 2773 2743 2850 λοιπὸν
2783 2775 2910 2837 τοὺς
2973 2779 3266 2845 ζητοῦντας
3325 2773 3641 2849 ἐκρύπτετο,
3677 2773 3805 2830 ἀλλῗ

2150 2867 2387 2938 εἱστήκει
2449 2863 2622 2920 θέλων
2681 2866 3014 2939 κρατηθῆναι
3076 2863 3164 2918 ὑπ’
3223 2861 3417 2918 αὐτῶν.
3479 2862 3614 2917 Εἷπε
3672 2865 3803 2940 γὰρ,

2151 2957 2303 3035 φησὶ,
2335 2960 2453 3018 τοῖς
2502 2952 2720 3010 ἐλθοῦσι
2765 2954 2902 3030 πρὸς
2952 2952 3110 3008 αὐτόν
3142 2974 3154 2986 ·
3214 2951 3343 3006 Τίνα
3392 2956 3642 3022 ζητεῖτε;
3691 2956 3801 3006 τῶν

2151 3045 2210 3102 δὲ
2282 3044 2756 3118 ἀποκριναμένων*
2824 3045 3031 3112 Ἰησοῦν
3109 3042 3200 3096 τὸν
3271 3045 3585 3113 Ναζωραῖον
3645 3042 3799 3113 (27)·

2150 3133 2336 3210 ἔλεγεν
2371 3133 2555 3195 αὐτοῖς
2579 3152 2591 3165 °
2629 3133 2772 3208 Ἐγώ
2805 3132 2920 3206 εἰμι
2950 3133 3008 3188 ’ὸν
3041 3136 3253 3201 ζητεῖτε
3278 3147 3290 3160 ·
3343 3129 3432 3184 καὶ
3478 3134 3639 3184 τοῦτο
3698 3130 3808 3204 οὐχ

2151 3224 2309 3295 ἅπαξ,
2345 3221 2490 3278 ἀλλὰ
2536 3223 2627 3278 καὶ
2674 3219 2920 3298 δεύτερον
2976 3219 3246 3289 πεποίηκε
3279 3238 3291 3252 ’
3342 3219 3433 3274 καὶ
3480 3217 3652 3280 οὕτως
3686 3215 3808 3272 λοι-

391 3282 735 3363 occultavit:
771 3310 872 3364 sed
932 3282 1352 3371 insidiantibus

2147 3312 2248 3369 πὰν
2280 3314 2565 3388 ἀπήγαγον
2599 3311 2757 3367 αὐτὸν
2793 3313 2930 3386 πρὸς
2972 3311 3064 3366 τὸν
3116 3306 3377 3366 Πιλᾶτον.
3411 3303 3547 3362 Οὔτε
3595 3304 3654 3362 δέ
3702 3307 3809 3380 πρὸ

2311 3402 2323 3413 ι
2491 3400 2502 3413 Ι
2637 3398 2680 3413 ος
2701 3402 2724 3413 Α
2759 3405 2781 3413 -Ω
2869 3397 2894 3413 Ἰ
3079 3399 3091 3413 ο
3212 3399 3224 3413 \
3483 3402 3506 3412 ν
3543 3399 3568 3413 Λ
3720 3393 3745 3413 Ἰ

391 3393 585 3466 palam
617 3395 893 3455 omnibus
921 3400 1156 3472 faceret,
1189 3403 1496 3460 hominum
1527 3406 1707 3463 vitam
1753 3409 1923 3478 juxta
1969 3393 2037 3466 ac

2147 3407 2244 3458 τοῦ
2273 3402 2364 3458 τὸν
2398 3400 2598 3478 χρόνον
2633 3398 2808 3455 ἐλθεῖν
2857 3397 3016 3478 ἤφιεν
3078 3399 3264 3454 ἐαυτὸν
3317 3399 3650 3474 κρατεῖσθαι,
3685 3393 3809 3451 οὔτε

2211 3496 2238 3502 _
2460 3494 2487 3502 _
2668 3489 2680 3502 .
2872 3488 2886 3502 .
2978 3488 2991 3502 .
3245 3485 3370 3502 ,κη
3511 3484 3523 3501 .
3585 3485 3609 3502 ,ι
3651 3482 3675 3502 δ

393 3487 641 3539 mortem
673 3503 706 3539 a
735 3502 988 3558 superno
1021 3491 1273 3561 pendere
1323 3494 1569 3564 judicio,
1601 3501 1659 3551 et
1711 3497 1838 3553 sine
1870 3498 2037 3554 Patre

2147 3496 2242 3548 τοῦ
2298 3494 2491 3566 καιροῦ
2542 3489 2808 3565 παρόντος
2868 3488 3184 3566 ἐκρύπτετο,
3235 3485 3380 3543 ἀλλὰ
3434 3484 3524 3541 καί
3584 3482 3804 3540 ἔκδοτον

394 3576 594 3628 nostro
625 3573 725 3646 qui
756 3575 816 3630 in
847 3576 1009 3634 caelis
1039 3585 1128 3636 est
1157 3581 1305 3638 261
1355 3600 1428 3638 ne
1470 3585 1748 3656 capillum
1801 3587 2037 3658 quidem

2149 3581 2334 3638 ἐαυτὸν
2394 3576 2574 3635 ἐδίδου
2629 3580 2746 3653 (28)
2799 3583 2918 3640 τοῖς
2985 3572 3454 3647 ἐπιϐουλεύουσιν,
3509 3573 3602 3629 ’ἱνα
3661 3572 3807 3648 δείξῃ

392 3659 651 3718 hominis
679 3668 782 3719 aut
811 3664 1011 3722 album
1043 3675 1145 3724 aut
1175 3670 1405 3742 nigrum
1425 3673 1570 3744 fieri,
1596 3691 1784 3747 neque
1809 3692 2037 3748 passer-

2148 3676 2301 3744 πᾶσι,
2330 3676 2433 3739 τῆς
2494 3664 2694 3723 ἄνωθεν
2753 3667 2985 3741 κρίσεως
3043 3667 3310 3742 ἠρτῆσθαι
3362 3666 3461 3734 τὴν
3527 3665 3670 3734 ζωὴν
3717 3663 3809 3718 καὶ

396 3748 596 3806 culum
630 3751 689 3807 in
720 3752 999 3826 laqueum
1031 3757 1288 3815 incidere
1318 3761 1383 3816 ‘3.

2149 3761 2241 3816 τὸν
2300 3760 2523 3814 θάνατον
2581 3760 2688 3812 τών
2750 3757 3068 3831 ἀνθρώπων,
3098 3754 3189 3810 καὶ
3240 3752 3363 3809 ἄνευ
3395 3755 3508 3828 (29)
3547 3757 3644 3807 τοῦ
3696 3758 3808 3808 Πα-

394 3834 520 3912 τρὸς
579 3840 741 3927 ἡμῶν
799 3848 896 3898 τοῦ
949 3844 1000 3901 ἐν
1049 3853 1167 3910 τοῖς
1223 3847 1473 3925 οὐρανοῖς
1521 3849 1646 3908 οὐδὲ
1667 3852 1780 3927 θρὶξ
1829 3854 2115 3927 ἀνθρώπου
2173 3849 2393 3906 δύναται
2443 3846 2636 3920 λευκὴ,
2694 3846 2729 3916 ἢ
2769 3843 2996 3920 μέλαινα
3041 3845 3307 3921 γενέσθαι,
3361 3840 3486 3900 οὐδὲ
3533 3843 3814 3918 στρουθίον

397 3925 474 3988 εἰς
503 3925 710 4002 παγίδα
740 3929 990 4003 ἐμπεσεῖν
1022 3956 1171 3992 ποτε.
3682 4019 3696 4036 ρ
3750 4019 3767 4036 κ

477 4018 536 4036 ιη
589 4019 631 4036 π
743 4021 753 4031 .
1109 4028 1140 4036 ..
1347 4029 1358 4036 .
1780 4032 1810 4036 -.
2035 4033 2046 4036 _
2242 4031 2294 4036 --
2353 4029 2398 4036 -_
2485 4027 2497 4036 .
2605 4022 2634 4036 ν
2699 4023 2770 4036 -_.
2964 4022 2991 4036 ..
3136 4023 3149 4036 .
3268 4022 3283 4036 ι
3501 4027 3529 4036 ..

476 4018 560 4073 16.
587 4019 874 4079 Dominus
922 4040 1060 4097 ergo
1105 4028 1186 4082 ita
1234 4043 1297 4083 se
1343 4029 1468 4100 ipse
1499 4047 1604 4103 pro
1634 4032 1929 4100 omnibus,
1961 4033 2037 4088 uti

2232 4031 2319 4085 16.
2353 4029 2410 4081 Ὁ
2445 4027 2538 4100 μὲν
2574 4022 2664 4080 οὖν
2699 4023 2897 4098 Κύριος
2929 4022 3102 4086 οὕτως
3136 4022 3320 4078 ἐαυτὸν
3352 4027 3628 4098 προσῆγεν
3678 4019 3811 4126 ὑπερ

406 4121 589 4179 supra
619 4107 840 4166 dictum
871 4117 980 4180 est,
1013 4115 1246 4171 obtulit.
1276 4116 1472 4174 Sancti
1493 4124 1712 4188 autem,
1738 4120 1846 4177 hoc
1875 4139 1909 4178 a
1929 4121 2037 4177 Sal-

2158 4121 2397 4188 πάντων,
2431 4117 2505 4178 ὡς
2537 4114 2862 4190 προείρηται
2889 4133 2902 4146 ’
2936 4113 2989 4168 οἱ
3020 4110 3078 4167 δὲ
3125 4112 3293 4187 ἅγιοι,
3325 4111 3415 4166 καὶ
3470 4114 3662 4165 τοῦτον
3722 4108 3814 4162 τὸν

2205 4207 2215 4216 .
2499 4207 2510 4216 .
2634 4208 2658 4216 _
2713 4210 2748 4216 __
2842 4209 2868 4216 η
3101 4200 3158 4216 ,υ
3318 4201 3330 4216 ι
3450 4200 3463 4216 .
3538 4199 3550 4216 ,
3627 4203 3654 4213 η.
3754 4199 3769 4216 ε

402 4199 600 4253 vatore
628 4204 866 4271 accepta
895 4218 1103 4260 norma
1147 4205 1243 4277 (ab
1285 4205 1414 4278 ipso
1439 4208 1597 4264 enim
1629 4210 1895 4280 antehac,
1930 4211 2037 4266 imc

2155 4207 2326 4264 τύπον
2375 4207 2522 4282 παρᾶ
2566 4208 2662 4259 τοῦ
2712 4209 2973 4279 Σωτῆρος
3023 4200 3282 4275 μαθόντες
3315 4200 3463 4274 (παρ’
3495 4199 3660 4254 αὐτοῦ
3706 4199 3812 4275 γὰρ

2231 4297 2243 4307 ι
2388 4297 2399 4307 ι
2547 4294 2559 4307 l
2793 4291 2806 4307 ι
2880 4293 2894 4307 θ
2933 4291 2948 4307 \
3067 4292 3078 4307 Ι
3254 4287 3306 4307 ’δ
3339 4287 3363 4307 δ
3385 4290 3394 4307 1
3605 4291 3617 4307 \
3757 4288 3772 4307 ἱ

404 4302 654 4358 semper,
702 4305 907 4346 omnes
938 4292 1126 4349 edocti
1157 4294 1360 4368 fuere),
1385 4313 1518 4354 cum
1545 4300 1825 4357 adversus
1852 4317 2037 4373 perse-

2157 4297 2248 4354 καὶ
2304 4297 2411 4373 πρὸ
2465 4294 2663 4349 τούτου
2719 4291 2810 4348 καὶ
2869 4291 2952 4348 ἀεὶ
3008 4292 3202 4352 πάντες
3251 4287 3640 4363 ἐδιδάσκοντο),
3673 4288 3811 4364 πρὸς

2202 4386 2215 4396 .
2355 4387 2367 4396 .
2452 4381 2476 4396 ..
2528 4385 2539 4396 .
2805 4382 2819 4396 .
2975 4381 3028 4396 ...
3364 4378 3376 4396 .
3563 4377 3587 4396 τι

403 4380 635 4434 cutores
665 4377 1546 4456 decertarent,aufugiebant,uti
1579 4389 1668 4445 fas
1699 4393 1854 4446 erat:
1883 4391 2037 4448 dum-

2163 4386 2257 4460 μὲν
2287 4387 2418 4448 τοὺς
2447 4381 2747 4446 διώκοντας
2794 4381 3212 4458 ἀγωνιζόμενοι,
3245 4378 3520 4482 νομίμως.
3561 4377 3813 4456 ἔφευγον,

405 4481 517 4537 que
534 4467 605 4523 ab
625 4465 744 4524 illis
760 4469 1258 4542 perquirerentur,
1275 4491 1404 4531 sese
1426 4475 1746 4546 abdebant;
1771 4494 2037 4549 cumque,

2157 4477 2248 4531 καὶ
2299 4475 2623 4548 ζητούμενοι
2668 4473 2795 4550 παρ’
2848 4470 3020 4527 αὐτῶν
3076 4468 3440 4544 ἐκρύπτοντο·
3495 4469 3819 4544 ἀγνοοῦντες

409 4561 608 4627 utpote
639 4555 930 4626 homines,
955 4560 1181 4618 deﬁniti
1214 4563 1326 4620 sibi
1357 4582 1390 4622 a
1420 4565 1787 4624 Providentia
1824 4571 2037 4640 tempo-

2163 4562 2222 4620 δὲ
2252 4565 2328 4627 ὡς
2360 4563 2634 4641 ἄνθρωποι
2665 4565 2762 4617 τοῦ
2794 4561 3098 4664 ὁρισθέντος
3126 4558 3312 4664 αὐτοῖς
3341 4558 3490 4664 παρά
3526 4564 3651 4664 τῆς,
3676 4562 3821 4664 H‘pp-

407 4645 488 4700 ris
518 4647 839 4704 terminum
870 4649 1230 4722 ignorarent,
1260 4653 1536 4711 nolebant
1563 4655 1644 4712 sei
1653 4672 1791 4728 psos
1818 4656 2035 4713 insidia

2163 4653 2313 4716 νοίας
2342 4653 2547 4729 χρόνου
2576 4652 2640 4706 τὸ
2670 4648 2853 4723 τέλος,
2887 4648 2985 4704 οὐκ
3018 4643 3316 4704 ἐϐούλοντο
3345 4647 3604 4723 παρέχειν
3627 4643 3822 4707 ἀπλῶς

2166 4744 2179 4753 .
2329 4740 2544 4753 ..μ
2769 4734 3141 4753 _....
3421 4733 3784 4753 ηιμ,

408 4734 636 4793 toribus
666 4737 965 4796 dedititios
994 4741 1236 4808 offerre;
1272 4760 1525 4815 cumque
1556 4743 1692 4800 item
1723 4750 1963 4802 nosseut
1992 4746 2037 4802 il

408 4822 687 4844 ,ἀμία
815 4827 889 4844 ..
1096 4835 1106 4844 .
1412 4834 1422 4843 .
1647 4834 1679 4844 ..
1795 4836 1891 4844 _.

2166 4742 2388 4806 ἑαυτοὺς
2422 4740 2676 4803 ἐκδότους
2703 4745 2823 4802 τοῖς
2853 4734 3298 4795 ἐπιϐουλεύουσιν
3325 4755 3340 4770 ·
3392 4734 3596 4798 εἰδότες
3627 4734 3684 4791 δὲ
3713 4736 3821 4790 πά-

2165 4832 2183 4844 \
2325 4833 2338 4844 ι
2654 4830 2663 4844 1
2819 4828 2845 4844 ΙΙ
2934 4828 2948 4844 Ἰ
3081 4833 3104 4843 υ
3307 4825 3321 4844 \
3419 4830 3448 4840 θ’
3512 4833 3543 4844 Α
3611 4830 3637 4840 ὐ
3714 4824 3730 4844 Ἲ

407 4822 506 4880 lud
536 4827 690 4899 quod
717 4827 1002 4901 scriptum
1026 4835 1135 4899 est,
1161 4849 1371 4904 nempe
1409 4834 1468 4888 in
1500 4834 1776 4891 manibus
1795 4836 1894 4891 Dei
1927 4854 2037 4892 esst

408 4915 772 4935 -__.__L_,__,.
885 4934 888 4935 ν
956 4919 995 4935 ι,
1077 4920 1157 4935 ,π
1269 4921 1279 4931 .
1513 4931 1516 4934 .
1589 4923 1666 4935 ..η
1875 4929 1882 4935 .
1953 4925 2021 4935 ..

2165 4832 2251 4888 λιν
2286 4833 2349 4887 τὸ
2381 4830 2782 4908 γεγραμμένον,
2815 4828 2898 4884 ὅτι
2931 4828 2983 4884 ἐν
3013 4833 3133 4890 ταῖς
3165 4825 3324 4904 χερσὶ
3353 4830 3451 4882 τοῦ
3508 4830 3642 4881 Θεοῦ
3687 4824 3821 4880 εἰσιν

2198 4924 2211 4935 ο
2311 4919 2330 4935 \
2353 4927 2382 4935 ..
2569 4924 2595 4935 η
2709 4920 2722 4935 Ἵ
2761 4920 2786 4935 Δ
2850 4918 2862 4935 Ι
3133 4915 3148 4935 \
3203 4914 3273 4935 '7’
3457 4916 3483 4935 Λ
3654 4919 3678 4930 υ
3806 4913 3824 4935 \

407 4917 594 4970 sortes
614 4915 922 4973 hominum
952 4919 1014 4986 η,
1039 4923 1092 4975 et
1114 4920 1431 4976 Dominum
1455 4923 1806 4980 m'ortiﬁcare
1835 4929 1893 4981 et
1913 4925 2037 4982 vivi-

2165 4924 2219 4977 οἱ
2272 4919 2478 4998 κλῆροι
2528 4924 2636 4975 τῶν
2699 4918 3016 4994 ἀνθρώπων,
3057 4915 3148 4972 καί
3203 4914 3400 4990 Κύριος
3456 4916 3678 4969 θανατοῖ
3729 4914 3826 4968 καὶ

404 5003 580 5060 ﬁcare
600 5006 667 5074 “,
697 5005 827 5061 ideo
874 5008 944 5063 ad
989 5009 1165 5066 ﬁnem
1197 5027 1385 5082 usque
1415 5016 1846 5085 exspectarunt,
1881 5019 1947 5071 ut
1974 5015 2037 5071 ai1

2166 5011 2364 5088 Κύριος
2408 5015 2668 5080 ζωοποιεῖ
2697 5009 2834 5083 (30),
2871 5005 3083 5081 μᾶλλον
3133 5003 3240 5068 ἕως
3285 5004 3481 5067 τέλους
3530 5004 3826 5078 ὑπέμενον,

473 5159 520 5236 3f
549 5159 701 5216 Psal.
737 5177 816 5232 οι,
845 5161 934 5236 2ζι.
955 5161 1022 5236 ,³⁸
1060 5162 1228 5236 φιλέοι.
1261 5179 1362 5236 xu,
1393 5164 1482 5218 20.
1515 5195 1517 5198 ‹
1559 5163 1603 5198 ⁸⁷
1654 5163 1836 5220 Eccle.
1869 5182 1948 5236 1x,
1983 5167 2037 5221 12

2147 5166 2168 5202 ⁸
2199 5165 2409 5224 Genes.
2440 5181 2617 5233 xxvu,
2672 5164 2728 5219 2.
2804 5163 2850 5198 ³ο
2882 5161 3022 5218 Luc.
3056 5177 3135 5233 1v,
3166 5159 3256 5217 30.
3332 5157 3564 5215 u‘Joan.
3587 5172 3726 5225 xvn,
3771 5157 3828 5218 1.

403 5230 448 5265 ⁸⁸
477 5231 650 5288 Joan.
683 5230 846 5300 xvul,
879 5233 996 5288 4-6.
1056 5233 1102 5269 ³9
1131 5231 1335 5289 Matth.
1368 5252 1424 5305 ν,
1455 5236 1524 5290 36
1551 5253 1564 5306 ;
1590 5253 1647 5304 x,
1679 5237 1770 5292 29.
1836 5230 2034 5294 “Psal

2147 5255 2226 5307 ix,
2259 5239 2348 5295 16.
2423 5237 2469 5273 “
2499 5237 2521 5292 Ι
2553 5230 2694 5309 Reg.
2727 5250 2794 5304 Il,
2825 5236 2881 5291 6.

477 5384 591 5467 (23)
644 5385 976 5459 Anglicum,
1050 5384 1336 5439 ἀπαιτοῦσί
1399 5406 1494 5440 σου
1545 5386 1644 5456 τήν
1705 5388 1890 5464 ψυχὴν
1952 5388 2037 5444 ἄπὲ

2207 5388 2352 5470 λξὸ)
2384 5383 2596 5470 Act-mli).
2609 5382 3135 5470 .d_eest.insAnglic.
3166 5381 3347 5439 Paulo
3379 5385 3513 5456 post
3532 5381 3674 5455 Reg.
3697 5371 3836 5456 παρ’

405 5455 580 5540 σοῖὲπ
742 5455 766 5459 ⁷
969 5528 987 5540 .
1553 5455 2014 5540 ..’,.

2163 5455 2365 5528 αὐτῶν,
2383 5459 2500 5540 Phi
2530 5458 2692 5540 editi,
2727 5455 3108 5540 un’_a6't&:)j_.m
3168 5531 3210 5540 __
3253 5529 3279 5540 ,Α

476 5525 607 5616 (ξίι)
635 5529 728 5584 Sic
773 5529 912 5616 ᾕρεε.
952 5528 1247 5616 Ἰηνθάὶιὶε
1279 5546 1451 5616 ἕστο,
1489 5529 1596 5616 ’τάς
1657 5531 1834 5589 deest.
1878 5532 2037 5588 Pault

2383 5531 2552 5616 Begu
2581 5525 2923 5616 Ναζωραῖον.
2959 5527 3134 5597 Editi,
3167 5528 3493 5600 Ναζαραῖον.

407 5594 706 5688 ροὲξμξὶςὲς.
736 5604 793 5681 et
820 5594 1459 5688 Augl.,~€cpsu:{e.‘ﬁ_lditi,
1488 5599 1668 5688 ἔφυγε.
1853 5675 1863 5688 1
2000 5676 2015 5688 ‘

2239 5594 2352 5688 (‘3?)
2383 5594 2637 5688 ᾼηέἓὲοον
2669 5594 3014 5688 finitima.
3121 5594 3175 5688 ζ,
3319 5594 3328 5600 ⁷
3364 5665 3378 5685 ,

480 5670 592 5741 (25)
624 5663 860 5743 Regius,
894 5663 946 5724 ἐζ
1084 5663 1210 5727 ’καί’.
1260 5677 1388 5730 Mox
1432 5663 1759 5748 Anglican,
1803 5675 1927 5730 τότε
1962 5676 2037 5750 μὲι

2240 5663 2352 5760 (es)
2381 5663 2632 5760 an‘g’uc;
2664 5673 2748 5760 δέτι
2783 5672 2931 5760 εδει)ζ
2959 5673 3092 5730 Mox
3120 5671 3300 5742 idem,
3333 5663 3455 5722 οὔτε
3475 5666 3608 5741 θρίξ.

404 5757 502 5814 πρ.
1532 5747 1537 5748 ⁷
1965 5747 1972 5750 ”

2240 5747 2353 5819 (30)
2381 5747 2636 5822 Anglia,
2670 5749 2951 5823 ζωογονεῖ.

2335 5533 2353 5818 l
