4132 6376
328 401 447 463 665

1529 388 1924 452 APOLOGIA
1967 387 2069 448 DE
2113 387 2321 449 FUGA
2367 390 2539 450 SUA.

3615 399 3737 460 666

331 534 406 594 ὡς
440 529 651 606 εἶ’ρηκεν
682 531 709 585 ὁ
744 527 1100 597 Ἀπόστολος,
1123 522 1542 602 περιερχόμενοι
1565 520 1617 577 ἐν
1666 518 1973 593 μηλωταῖς,
2005 577 2010 587 η

2126 519 2418 590 .postolus,
2451 522 2844 576 circumeuntes
2873 523 2932 576 in
2962 523 3200 589 metotis,
3233 527 3294 580 in
3349 526 3588 598 pellibus
3638 547 3734 586 ca—

331 622 384 676 ἐν
441 620 670 695 αἰγείοις
756 617 1058 694 δέρμασιν,
1119 613 1549 688 ὑστερούμενοι,
1607 606 1982 684 κακουχούμεο

330 729 456 776 νοι,
515 705 602 762 ἐπὶ
656 705 912 780 ἐρημίαις
964 701 1370 774 πλανώμενοι,
1426 699 1516 754 καὶ
1576 697 1627 753 ἐν
1686 695 1980 767 σπηλαίοις

331 796 421 852 καὶ
451 801 570 857 ταῖς
605 794 761 856 ὀπαῖς
811 800 911 862 τῆς
959 799 1066 867 γῆς
1093 789 1480 866 κρυπτόμενοι,
1512 784 1618 850 ἓως
1651 785 1708 841 ἂν
1741 786 1776 855 ἢ
1810 788 1919 859 (31)
1955 785 1982 839 ὁ

335 885 639 961 ὡρισμένος
668 888 765 938 τοῦ
812 880 1039 936 θανάτου
1087 879 1288 957 χρόνος
1341 875 1494 952 ἔλθῃ,
1525 878 1560 946 ἤ
1595 878 1624 930 ὁ
1657 876 1748 930 τὸν
1781 874 1980 952 χρόνον

337 975 522 1050 ὁρίσας
554 975 682 1035 Θεὸς
717 970 933 1045 λαλήσῃ
963 971 1098 1046 πρὸς
1133 968 1347 1041 αὐτοὺς,
1377 967 1468 1022 καὶ
1496 965 1672 1039 παύσῃ
1698 963 1827 1026 τοὺς
1869 963 1984 1018 ἐπι-

337 1058 729 1132 ϐουλεύοντας,
776 1061 811 1130 ἢ
864 1058 1119 1130 δηλονότι
1167 1055 1394 1131 παραδῷ
1438 1055 1566 1118 τοὺς
1617 1051 1986 1125 διωκομένους

335 1157 452 1214 τοῖς
501 1148 812 1216 διώκουσιν,
863 1148 939 1210 ὡς
990 1146 1049 1202 ἂν
1097 1147 1243 1218 αὑτῷ
1291 1145 1416 1219 δόξῃ
1461 1142 1648 1206 καλῶς
1689 1140 1854 1218 ἔχειν.
1891 1141 1988 1196 Καὶ

339 1246 501 1297 τοῦτο
532 1239 654 1314 περὶ
685 1240 900 1293 πάντων
935 1237 1040 1291 ἀπὸ
1068 1239 1166 1290 τοῦ
1205 1230 1371 1289 Δαϐὶδ
1421 1232 1529 1288 ἔστι
1575 1233 1756 1305 μαθεῖν
1783 1235 1983 1292 κακῶς·

342 1330 432 1386 ὅτε
462 1331 566 1406 γὰρ
595 1330 732 1384 κατά
759 1332 860 1382 τοῦ
894 1323 1075 1381 Σαοὺλ
1115 1323 1423 1398 παρώξυνεν
1471 1323 1628 1378 αὑτὸν
1655 1315 1835 1391 Ἰωὰϐ,
1871 1317 1989 1374 ἔλε-

341 1440 431 1495 γεν
477 1417 659 1480 αὐτός·
719 1420 794 1490 Ζῇ
847 1415 1044 1492 Κύριος
1103 1416 1238 1486 (32),
1297 1412 1384 1468 ἐὰν
1447 1413 1522 1486 μή
1575 1412 1603 1466 ὁ
1649 1409 1848 1483 Κύριος
1895 1409 1990 1464 αὑ-

339 1510 430 1563 τὸν
485 1507 687 1581 παίσῃ,
745 1507 780 1574 ἢ
836 1503 966 1578 ἔλθῃ
1020 1503 1203 1578 ἡμέρα
1250 1506 1348 1556 τοῦ
1403 1502 1630 1556 θανάτου
1688 1501 1851 1555 αὑτοῦ
1883 1546 1898 1570 ,
1953 1499 1990 1569 ἥ

343 1592 551 1670 καταϐῇ
611 1596 688 1657 είς
747 1592 1035 1668 πόλεμον,
1089 1591 1179 1646 καὶ
1232 1591 1503 1668 προστεθῇ
1564 1589 1642 1652 εἷς
1705 1588 1834 1651 τοὺς
1893 1587 1991 1642 ὑπ-

346 1685 658 1758 εναντίους,
717 1685 781 1739 οὑ
839 1685 914 1757 μὴ
978 1680 1180 1737 ἐποίσω
1237 1682 1400 1756 χεῖρά
1461 1700 1565 1754 μου
1624 1678 1710 1734 ἐπὶ
1769 1679 1992 1755 χριστὸν

347 1775 565 1852 Κυρίου.

420 1867 505 1921 17.
540 1863 603 1918 Εἰ
654 1860 712 1917 δέ
765 1881 902 1959 ποτε
957 1860 1046 1915 καὶ
1097 1858 1421 1959 φεύγοντεςυ
1446 1860 1831 1959 προσήρχοντο
1875 1863 1992 1959 τοῖς
2029 1893 2078 1959 Β

352 1957 603 2024 ζητοῦσιν
640 1994 653 2020 ,
715 1948 840 2006 οὗδέ
891 1954 1052 2004 τοῦτο
1130 1947 1319 2011 ἁπλῶς
1396 1944 1680 2023 ἔπραττονο
1735 1952 1833 2002 τοῦ
1891 1949 1994 2023 γὰρ

352 2041 660 2113 Πνεύματος
693 2037 992 2100 λαλοῦντος
1027 2038 1233 2106 αὑτοῖς,
1267 2036 1439 2100 οὕτως
1471 2036 1723 2108 ἀπήντων
1773 2036 1999 2099 ἐκείνοις

351 2128 624 2209 θεοφιλεῖς
668 2129 1053 2204 τυγχάνοντεςο
1104 2126 1194 2180 καὶ
1245 2125 1386 2181 οὕτω
1443 2124 1608 2182 πάλιν
1667 2129 1764 2196 τήν
1799 2127 1998 2182 ἑαυτῶν

354 2221 595 2288 ὑπακοὴν
667 2217 756 2272 καὶ
832 2216 1134 2291 προθυμίαν
1215 2213 1688 2289 ἐπιδεικνύμενοι.
1747 2219 1874 2278 Οἷος
1937 2218 2002 2285 ἦν

351 2307 565 2380 Ἠλίας,
595 2305 804 2361 ἀκούων
847 2306 994 2381 παρὰ
1038 2308 1135 2359 τοῦ
1179 2303 1514 2378 Πνεύματος,
1547 2305 1636 2359 καὶ
1681 2305 2000 2383 φαινόμενος

354 2402 433 2470 τῷ
459 2391 693 2472 Ἀχαὰϐ,
745 2393 984 2470 Μιχαίας
1025 2413 1085 2448 τε
1127 2395 1154 2449 ὁ
1202 2395 1492 2472 προφήτης
1536 2393 1834 2470 ἐρχόμενος
1865 2394 2002 2470 πρὸς

359 2486 514 2542 αὑτὸν
573 2485 663 2540 τὸν
731 2479 939 2558 Ἀχαάϐ
975 2525 989 2551 ,
1045 2482 1133 2537 καὶ
1191 2483 1220 2536 ὁ
1275 2481 1733 2556 ἐπικαλεσάμενος
1791 2486 2006 2562 προφή-

360 2596 460 2645 της
517 2573 604 2629 ἐπὶ
658 2573 720 2628 τὸ
771 2573 1147 2646 θυσιαστήριον
1208 2573 1320 2646 (33)
1379 2578 1480 2641 τῆς
1539 2573 1870 2646 Σαμαρείας,
1916 2574 2007 2629 καὶ

363 2667 628 2741 ἐντρέπων
694 2664 785 2718 τὸν
853 2656 1096 2734 Ῥοϐοὰμ
1156 2664 1318 2734 (34),
1383 2662 1474 2716 καὶ
1537 2661 1755 2724 Παῦλος
1823 2661 2009 2717 ἐπικα-

364 2754 630 2829 λούμενος
687 2750 945 2827 Καίσαρα.
997 2751 1070 2804 Οὑ
1113 2751 1218 2826 γὰρ
1268 2747 1334 2820 δὴ
1387 2747 1476 2805 διὰ
1523 2749 1730 2806 δειλίαν
1763 2747 2014 2830 ἔφευγον,

369 2847 444 2920 μὴ
504 2843 754 2920 γένοιτοί
800 2839 1010 2915 μᾶλλον
1068 2842 1172 2917 γὰρ
1222 2841 1322 2910 τὴν
1380 2843 1558 2918 φυγὴν
1621 2841 1773 2918 εἶχον
1831 2843 2018 2918 ἀγῶνα

362 2935 452 2990 καὶ
489 2931 720 3008 μελέτην
752 2932 888 2986 κατὰ
931 2935 1028 2985 τοῦ
1079 2931 1326 2985 θανάτου.
1362 2928 1540 2985 Ἀλλᾶ
1571 2928 1666 2986 δύο
1694 2934 1843 2986 ταῦτ’
1890 2932 2018 3012 ἐφύ.

366 3022 564 3079 λαττον
592 3022 683 3077 καὶ
715 3016 1069 3076 ἐϐουλεύοντο
1098 3017 1304 3089 καλῶς,
1338 3018 1420 3074 ὅτι
1608 3024 1747 3094 μήτε
1796 3022 2018 3087 ἑαυτοὺς

367 3112 557 3174 ἁπλῶς
588 3117 892 3188 προσῆγον,
948 3113 1108 3164 τοῦτο
1166 3109 1269 3185 γὰρ
1326 3111 1392 3177 ἦν
1452 3109 1637 3164 ἑαυτὸν
1685 3111 2018 3184 ἀποκτεῖναι,

370 3201 657 3259 ὑπεύθυνόν
713 3221 771 3254 τε
822 3199 1050 3254 θανάτου
1106 3198 1370 3273 γενέσθαι,
1420 3198 1509 3252 καὶ
1569 3200 1882 3273 ἀντιπρᾶξαι
1937 3205 2016 3274 τῷ

366 3254 839 3369 ιὶυρίιμλέγοντι·
898 3291 966 3342 "A
1029 3289 1056 3342 ὁ
1114 3254 1240 3349 ὲεὸς
1298 3254 1542 3358 ἔζευξεν,
1601 3254 1878 3365 ἅνθρίοτξος
1937 3254 2010 3364 μή

2127 3288 2282 3344 homo
2311 3304 2421 3344 non
2447 3295 2659 3358 separet
2689 3288 2753 3354 δίς
2788 3305 2976 3361 neque
3004 3290 3063 3346 in

369 3382 688 3460 χωριζέτω·
744 3380 880 3452 μήτε
939 3379 1141 3451 μέμψιν
1207 3375 1506 3450 ὀλιγωρίας
1562 3375 1760 3448 ἤθελον
1819 3379 2019 3454 ὑπομέ-

370 3491 501 3541 νειν,
552 3470 629 3532 ὡς
677 3468 1030 3538 ἀτονήσαντες
1076 3465 1212 3543 πρὸς
1259 3466 1352 3529 τὰς
1405 3465 1456 3521 ἐν
1497 3470 1565 3540 τῇ
1598 3472 1742 3545 φυγῇ
1783 3466 2016 3544 θλίψεις,

379 3559 599 3634 μείζονα
648 3558 739 3613 καὶ
784 3555 1081 3630 δεινότερον
1132 3555 1291 3610 πόνον
1348 3554 1578 3632 ἐχούσας
1625 3562 1722 3612 τοῦ
1769 3560 2018 3617 θανάτου.

362 3651 434 3703 ’Ὃ
489 3649 581 3722 μὲν
643 3648 746 3722 γὰρ
806 3646 1087 3700 ἀποθανὼν
1146 3645 1409 3699 πέπαυται
1463 3649 1558 3700 τοῦ
1615 3653 1824 3702 πονεῖν·
1881 3648 1909 3702 ὁ
1965 3645 2024 3703 δὲ

380 3737 591 3816 φεύγων
622 3733 940 3814 προσδοκῶν
985 3735 1102 3789 καθ’
1130 3734 1340 3810 ἡμέραν
1369 3735 1470 3789 τὰσ
1498 3736 1642 3810 παρὰ
1670 3741 1778 3791 τῶν
1814 3736 2021 3814 ἐχθρῶν

382 3825 632 3907 ἐφόδους,
683 3825 1011 3903 κουφότερον
1044 3826 1259 3897 ἡγεῖται
1309 3823 1400 3878 τὸν
1457 3824 1698 3879 θάνατον·
1752 3825 1889 3881 ὥστε
1935 3827 2025 3883 καὶ

378 3917 506 3980 τοὺς
534 3915 586 3972 ἐν
618 3919 685 3989 τῇ
723 3917 869 3992 φυγῇ
901 3914 1284 3974 τελειωθέντας
1318 3914 1392 3986 μη
1418 3911 1758 3988 ἀκλεῶς
1789 3915 2027 3988 ἀποθνή-

380 4027 544 4076 σκειν,
580 4003 706 4060 ἀλλ’
738 4002 881 4080 ἔχειν
931 4001 1020 4058 καὶ
1065 4002 1261 4065 αὐτοὺς
1308 4007 1406 4058 τοῦ
1460 4003 1757 4080 μαρτυρίου
1802 4006 1865 4061 τὸ
1895 4007 2026 4062 καύ-

379 4116 454 4171 χη
469 4116 560 4169 μα.
595 4095 692 4149 Διὰ
718 4097 879 4148 τοῦτο
929 4093 1031 4167 γὰρ
1065 4093 1092 4146 ὁ
1122 4087 1245 4148 Ἰὼϐ
1289 4090 1341 4146 ἐν
1392 4090 1610 4168 ἀνδρείᾳ
1663 4093 1831 4169 μέγας
1864 4095 2032 4170 ἐγνώ-

382 4186 504 4258 σθη,
537 4180 722 4252 ἐπειδή
776 4187 880 4251 ζῶν
928 4180 1214 4243 τοσεύτους
1243 4180 1331 4235 καὶ
1375 4179 1737 4250 τηλικούτους
1779 4185 2033 4258 ὑπέμεινε

381 4273 582 4336 πόνους
612 4275 747 4346 (37),
780 4273 853 4325 ὧν
905 4267 1163 4343 οὑδεμίαν
1210 4267 1453 4340 αἶ’σθησιν
1505 4266 1827 4344 ἐλάμϐανεν,
1860 4273 1905 4328 εἰ
1948 4295 2033 4329 τε-

383 4361 651 4433 λευτήσας
683 4364 770 4430 ἦν,
805 4361 910 4415 Λιὰ
955 4364 1116 4413 τοῦτο
1163 4358 1253 4413 καὶ
1298 4360 1450 4414 αὑτοὶ
1488 4360 1540 4415 0i
1576 4362 1831 4437 μακάριοι
1864 4365 2033 4419 Πατέ-

2089 609 2290 679 prinis,
2323 617 2554 679 egentes,
2582 612 2914 679 angustiati,
2964 613 3026 666 in
3053 613 3446 670 solitudinibus
3469 623 3732 687 errantes,

2093 698 2150 752 in
2173 697 2443 768 speluncis
2458 707 2508 754 et
2527 700 2583 752 in
2609 701 2854 754 cavernis
2879 704 3044 757 terra?
3070 702 3295 759 latentes
3325 705 3388 776 ‘5,
3429 706 3608 763 donec
3643 710 3740 764 de-

2096 785 2328 840 ﬁnitum
2363 787 2567 842 mortis
2598 792 2830 858 tempus
2862 789 3179 856 adveniret,
3214 795 3314 847 aut
3363 795 3464 866 qui
3508 799 3743 868 tempus

2097 875 2400 930 deﬁnierat
2420 875 2572 930 Deus
2593 893 2690 930 eos
2711 877 3125 949 alloqueretur,
3151 897 3216 936 ac
3254 882 3628 940 insidiatores
3660 903 3746 942 se-

2098 964 2281 1029 daret,
2314 970 2415 1019 aut
2444 970 2598 1021 certe
2628 969 3098 1037 persecutoribus
3130 972 3593 1041 persecutionem
3641 993 3742 1046 pa-

2099 1053 2310 1108 tientes
2340 1055 2615 1121 traderet,
2642 1059 2705 1109 ut
2734 1055 2846 1110 sibi
2867 1072 3193 1129 congruum
3217 1060 3407 1115 visum
3434 1061 3598 1118 foret.
3628 1065 3745 1120 Hoc

2099 1157 2168 1196 ex
2196 1141 2409 1197 Davide
2440 1157 2575 1196 cum
2625 1143 2830 1215 primis
2882 1145 3123 1217 pulchre
3162 1149 3418 1205 ediscere
3449 1156 3575 1220 est;
3609 1169 3746 1209 cum

2100 1229 2254 1285 enim
2289 1229 2454 1285 illum
2483 1231 2629 1287 Joab
2661 1233 2970 1289 adversum
3005 1235 3142 1291 Saul
3175 1238 3508 1310 concitaret,
3541 1241 3622 1295 ait
3652 1241 3744 1312 ip-

2103 1335 2201 1375 se:
2238 1319 2378 1375 Vivit
2422 1321 2708 1386 Dominus,
2758 1324 2896 1393 quia
2939 1325 3052 1378 nisi
3105 1329 3372 1382 Dominus
3417 1333 3750 1400 percusserit

2103 1425 2248 1476 eum,
2278 1413 2376 1464 aut
2401 1412 2613 1465 venerit
2639 1411 2755 1466 dies
2783 1415 2978 1467 mortis
3007 1414 3143 1484 ejus,
3188 1417 3272 1471 vel
3314 1417 3648 1475 descenderit
3688 1422 3751 1475 in

2101 1499 2384 1569 praetium,
2417 1503 2470 1553 et
2497 1500 2701 1554 abierit
2728 1501 2878 1571 apud
2907 1502 3267 1571 adversarios,
3301 1521 3416 1561 non
3458 1508 3755 1564 immittam

2105 1604 2339 1643 manum
2367 1604 2544 1643 meam
2573 1590 2635 1643 in
2663 1589 2929 1645 Christum
2961 1593 3187 1647 Domini
3205 1594 3269 1649 “3.

2182 1857 2268 1912 17.
2303 1856 2361 1913 Si
2380 1858 2616 1929 quando
2637 1875 2768 1915 vero
2791 1861 2932 1916 dum
2955 1861 3238 1934 fugerent,
3259 1866 3519 1922 conversi
3547 1867 3757 1926 deinde

2110 1947 2503 2019 quaarentibus
2537 1964 2664 2003 sese
2695 1949 2986 2017 offerrent,
3043 1969 3158 2007 non
3209 1959 3428 2010 temere
3478 1957 3584 2011 hoc
3631 1975 3764 2031 age-

2109 2037 2289 2104 bant;
2322 2053 2458 2091 nam
2499 2037 2751 2109 religiosi
2810 2055 2943 2094 cum
2997 2047 3214 2112 essent,
3265 2045 3441 2114 jussu
3501 2047 3759 2118 Spiritus

2110 2125 2308 2181 Sancti
2338 2127 2718 2182 occurrebant
2746 2126 2862 2183 illis
2894 2146 2905 2183 :
2943 2145 3059 2200 quo
3095 2137 3261 2202 pacto
3312 2134 3756 2207 obsequentiam

2113 2215 2594 2286 alacritatemque
2625 2233 2792 2271 suam
2816 2222 3375 2277 commonstrabant.
3406 2223 3758 2294 Hujusmodi

2113 2308 2236 2360 erat
2265 2303 2441 2373 Elias,
2474 2305 2759 2376 quijussu
2792 2307 3046 2378 Spiritus
3078 2309 3310 2367 Achabo
3342 2328 3538 2368 coram
3570 2317 3760 2372 astitit

2111 2395 2154 2430 ⁴¹¹
2185 2412 2197 2451 :
2228 2393 2500 2450 Michzeas
2531 2394 2670 2448 item
2705 2395 2984 2467 propheta
3014 2397 3113 2469 qui
3146 2398 3341 2470 ipsum
3381 2402 3526 2458 adiit
3570 2405 3760 2462 Acba-

2115 2483 2356 2550 bum“;
2390 2483 2673 2555 propheta
2701 2484 2878 2539 etiam
2912 2485 3012 2556 qui
3061 2486 3240 2542 altare
3289 2489 3565 2546 Samaria:
3597 2510 3760 2551 com-

2121 2571 2376 2645 pellavit,
2408 2571 2834 2644 Jeroboamque
2864 2575 3085 2646 pudore
3115 2576 3359 2633 sull‘udit
3380 2579 3458 2636 ‘9:
3511 2587 3569 2638 et
3611 2583 3760 2640 Pau-

2120 2662 2215 2717 lus
2248 2662 2345 2734 qui
2378 2661 2659 2717 Czesarem
2694 2662 3006 2734 appellavit
3024 2665 3086 2719 ⁵ο.
3121 2666 3243 2722 Νοιι
3304 2670 3460 2725 enim
3501 2688 3618 2743 prae
3649 2675 3764 2730 for-

2126 2751 2344 2805 midine
2375 2751 2694 2822 fugiebant,
2728 2751 2917 2806 absit!
2957 2753 3072 2808 imo
3105 2756 3302 2827 potius
3331 2759 3468 2831 fuga
3499 2760 3613 2818 illis
3662 2782 3766 2838 pro

2127 2840 2443 2896 certamine
2474 2845 2530 2895 et
2558 2841 2934 2897 meditatione
2967 2847 3172 2901 mortis
3194 2853 3337 2902 erat.
3363 2849 3474 2905 Sed
3506 2859 3659 2908 recte
3690 2855 3772 2911 si-

2127 2931 2185 2988 bi
2217 2929 2586 2986 consulentes
2613 2930 2733 2986 haec
2763 2931 2877 2986 duo
2909 2935 3236 3005 servabant,
3272 2942 3336 2993 ut
3392 2939 3613 2998 scilicet
3660 2961 3768 3002 nec

2129 3020 2306 3092 seipsi
2337 3024 2553 3075 temere
2584 3020 2877 3088 offerrent,
2911 3023 3117 3079 fuisset
3146 3025 3302 3081 enim
3341 3027 3485 3084 illud
3520 3037 3767 3090 mortem

2129 3109 2240 3166 sibi
2272 3109 2620 3175 conciseere,
2682 3110 3045 3181 propriasque
3101 3114 3260 3169 necis
3317 3133 3480 3172 reum
3526 3120 3670 3192 ﬁeri,
3704 3139 3771 3179 ac

2132 3199 2376 3253 Domino
2407 3214 2732 3270 repugnare
2775 3199 3026 3255 dicenti:
3087 3202 3224 3270 Quae
3279 3205 3417 3261 Deus
3461 3211 3768 3283 conjunxit,

3112 3291 3352 3364 ignaviae
3410 3297 3632 3353 crimen
3679 3299 3770 3356 in-

2127 3393 2360 3434 currere
2381 3376 2788 3448 vellent,quasi
2814 3394 2874 3433 se
2898 3379 3133 3436 taederet
3156 3382 3301 3454 fugas
3324 3401 3617 3444 aerumnas
3641 3389 3770 3461 ipsa

2129 3471 2315 3522 morte
2364 3466 2630 3521 duriores
2683 3467 3093 3539 gravioresque
3153 3472 3423 3542 perferre.
3483 3475 3630 3532 Nam
3667 3481 3771 3550 qui

2130 3560 2399 3613 mortuus
2431 3560 2539 3622 est,
2571 3555 2821 3611 miseriis
2855 3555 3116 3614 levatur:
3152 3561 3251 3631 qui
3281 3579 3416 3620 vero
3447 3565 3613 3638 fugit,
3638 3584 3774 3624 cum

2133 3645 2391 3719 quotidie
2447 3645 2656 3700 anxius
2711 3645 3085 3703 inimicorum
3142 3657 3434 3722 exspectet
3479 3655 3774 3727 incursus,

2136 3741 2383 3790 mortem
2419 3735 2555 3806 fuga
2585 3734 2857 3790 leviorem
2877 3737 3190 3794 existimat.
3215 3742 3574 3816 Quapropter
3594 3747 3693 3818 qui
3716 3747 3775 3802 in

2137 3826 2273 3896 fuga
2302 3824 2619 3891 intereunt,
2653 3824 2809 3879 haud
2841 3825 3072 3898 inglorii
3133 3829 3481 3903 moriuntur,
3516 3836 3620 3889 sed
3663 3835 3776 3908 ipsi

2138 3930 2370 3986 quoque
2419 3913 2663 3986 gloriam
2722 3921 3121 3986 consequatur
3178 3921 3457 3992 martyrii.
3501 3923 3783 3986 Quocirca

2135 4003 2244 4058 Job
2277 4003 2616 4058 fortitudine
2675 4004 2856 4058 animi
2911 4021 3162 4077 magnus
3223 4013 3636 4081 comprobatus
3670 4018 3778 4080 est,

2140 4094 2295 4165 quod
2325 4093 2489 4148 vivus
2519 4096 2606 4148 tot
2636 4084 2947 4166 tantasque
2978 4112 3268 4152 aerumnas
3292 4098 3616 4169 pertulerit,
3637 4119 3782 4174 qua-

2140 4199 2270 4238 rum
2287 4183 2333 4238 si
2361 4181 2846 4238 mortuusl‘uisset
2860 4200 2929 4238 ne
2945 4184 3257 4241 minimum
3283 4189 3520 4259 quidem
3542 4207 3782 4247 sensum

2143 4276 2522 4346 percepturus
2552 4276 2694 4327 erat.
2720 4273 3111 4337 Quamobrem
3135 4275 3311 4330 etiam
3353 4276 3464 4348 ipsi
3504 4278 3656 4334 beati
3679 4279 3785 4334 Pa-

2143 4369 2262 4419 tres
2298 4362 2404 4417 hoc
2434 4360 2661 4416 vivendi
2700 4361 2970 4416 instituto
3007 4368 3148 4418 sunt
3185 4364 3316 4420 usi:
3369 4373 3786 4438 persequentes

272 5141 278 5147 ’
388 5122 444 5176 2.
522 5121 567 5155 ⁶⁰
594 5123 719 5180 Act.
750 5136 880 5188 xxv,
916 5119 1003 5174 11.
1080 5117 1121 5152 δι
1155 5117 1503 5185 Matth.x1x,
1533 5121 1590 5175 6.

385 4473 474 4529 ρες
501 4449 758 4521 τοιαύτην
789 4449 938 4524 εἶχον
986 4454 1086 4518 τῆς
1135 4445 1416 4510 πολιτείας
1460 4450 1560 4518 τὴν
1611 4449 1857 4526 ἀγωγήν·
1907 4450 2007 4507 διω

2143 4452 2297 4510 enim
2323 4467 2384 4507 se
2402 4466 2776 4523 nequaquam
2798 4450 3280 4520 reformidabant,
3302 4454 3421 4509 imo
3440 4456 3634 4527 potius
3650 4472 3787 4513 cum

381 4539 605 4612 κὸμενοι
652 4538 745 4611 μὲν
797 4538 900 4612 γὰρ
933 4535 1031 4591 οὑκ
1060 4532 1328 4606 ἐδειλίων,
1356 4533 1502 4589 ἀλλὰ
1547 4537 1636 4590 καὶ
1823 4537 2010 4612 μᾶλλο

2144 4542 2229 4597 ita
2277 4556 2338 4596 se
2370 4540 2427 4594 in
2459 4539 2724 4611 angustis
2755 4543 2813 4595 et
2844 4541 3168 4597 tenebrosis
3217 4540 3360 4599 locis
3399 4543 3787 4614 includerent,

386 4625 654 4684 ἐδείκνυον
687 4627 890 4681 ὲαυνῶν
938 4625 1036 4694 τὴν
1085 4631 1187 4694 τῆς
1235 4626 1423 4700 ψυχῆς
1462 4621 1728 4699 ἀνδρείαν,
1774 4626 1949 4691 οὕτως
1980 4629 2010 4683 ὲ.

2143 4647 2277 4687 cum
2301 4645 2504 4701 aspero
2527 4628 2752 4684 vivendi
2777 4645 2986 4702 genere
3009 4635 3325 4701 uterentur,
3364 4633 3456 4688 sui
3515 4635 3788 4691 ostende-

384 4722 680 4794 πνιγηροῖς
710 4716 800 4771 καὶ
843 4719 1142 4777 σκοτεινοῖς
1188 4713 1378 4776 τόποις
1427 4713 1650 4777 ἑαυτοὺς
1697 4717 2010 4773 κατακλείον

2148 4719 2290 4773 bant
2309 4716 3077 4773 animifortitudinem:ubi
3124 4736 3258 4776 vero
3303 4723 3508 4779 mortis
3554 4727 3791 4795 tempus

383 4827 496 4876 τες,
546 4805 636 4861 καὶ
684 4804 938 4879 σκληρῶς
987 4802 1209 4866 ἑαυτοὺς
1253 4801 1498 4878 ἄγοντες·
1551 4805 1791 4881 παρόντα
1832 4804 1891 4862 δὲ
1932 4809 2008 4864 πά

2149 4807 2370 4870 aderat,
2395 4823 2523 4862 eam
2549 4804 2789 4861 minime
2814 4808 3177 4862 recusabant.
3204 4809 3266 4864 Id
3307 4809 3463 4865 enim
3491 4826 3642 4866 curae
3675 4811 3794 4868 illis

388 4893 476 4951 λιν
532 4899 631 4951 τοῦ
690 4895 920 4950 θανάτου
953 4894 1050 4948 τὸν
1109 4894 1292 4970 καιρὸν
1344 4893 1406 4948 οὗ
1463 4899 1820 4969 παρῃτοῦντο·
1876 4894 2008 4972 ἔμελ

2147 4904 2272 4954 erat
2300 4901 2365 4952 ut
2387 4913 2489 4952 nec
2510 4899 2852 4968 praesentem
2880 4901 3128 4952 mortem
3152 4899 3648 4970 pertimescerent,
3681 4917 3789 4958 nec

459 5047 707 5126 *5_I:Ie_br.
739 5063 803 5117 ιι,
835 5047 934 5126 37..
960 5119 970 5126 _
1001 5046 1046 5082 ⁸⁸
1076 5045 1448 5126 ξιῐξεεριχνι,
1486 5046 1572 5126 10⁸,
1607 5047 1692 5104 11.
1735 5049 1779 5084 ⁴⁷
1819 5049 1896 5106 ΙΙΙ
1947 5051 2010 5108 Rt

2130 5069 2292 5120 xvm,
2327 5051 2415 5106 17.
2491 5049 2534 5084 ‘3
2587 5047 2664 5104 III
2716 5047 2856 5120 Reg.
2888 5065 3027 5120 χχιι,
3086 5050 3170 5104 15.
3274 5051 3319 5086 ⁴⁰
3364 5049 3437 5107 ΙΙΙ
3480 5051 3618 5124 Reg.
3671 5069 3796 5125 xm,

2223 5293 2334 5366 (35)
2367 5292 2533 5364 Reg.,
2565 5285 2674 5344 ὅτε.
2708 5287 2864 5344 Infra
2895 5289 3059 5362 Reg.,
3115 5292 3195 5362 τῷ
3243 5289 3448 5366 Κυρίῳ.
3497 5290 3673 5360 Editi,
3717 5294 3800 5364 τῷ

2154 5367 2292 5419 Θεῶ.
3519 5374 3527 5380 ”

2226 5385 2338 5500 (133)
2369 5433 2724 5500 Anglicanus
2755 5432 2952 5500 codex,
2989 5429 3225 5495 ἀκλεεῖς.

2246 5502 2337 5588 ἓῖ)
2367 5502 2577 5588 Ῐπξστῖῖ
2605 5502 2834 5588 πθνίὲυςι
2863 5504 3086 5588 Mign":

2224 5576 2339 5651 (38)
2371 5577 2505 5651 Kuh
2522 5577 2689 5651 deest
2718 5576 2776 5631 in
2809 5576 3028 5651 Anglic.
3063 5577 3218 5651 Infra
3255 5577 3410 5651 Reg._
3450 5581 3506 5634 et
3546 5577 3801 5651 Anglic.,

2153 5644 2616 5726 e1010i34._Editi,_
2646 5644 2925 5710 σαυτούςῗ
2940 5647 3069 5706 Mox
3117 5650 3280 5724 Reg.,
3329 5644 3610 5726 ἕκληρῶς.
3639 5644 3799 5714 Editi

2153 5721 2469 5802 ἀσκληρῶς,
2501 5719 2674 5779 male.
3203 5719 3230 5724 ⁷
3462 5719 3488 5726 ⁷’
3735 5759 3742 5766 -

486 5291 578 5360 31)
609 5290 694 5346 Ἠ.
728 5290 892 5345 deest
918 5288 979 5360 in
1009 5286 1234 5360 Anglic.

486 5291 548 5344 31
609 5290 694 5346 Ἠ.
728 5290 892 5345 deest
918 5290 979 5344 in
1009 5290 1234 5360 Anglic.

464 5290 578 5434 (32)
607 5366 760 5434 Hac,
791 5362 854 5433 ζῇ
886 5358 1104 5434 Κύριος,
1143 5360 1385 5434 dee_rant
1404 5359 1471 5434 in
1501 5359 1821 5434 editis,_sed
1845 5362 1904 5418 in
1925 5364 2042 5419 An-

395 5429 612 5508 glican.
645 5429 869 5508 et_Reg_.
895 5429 1204 5508 habentur.
1240 5430 1372 5508 Mox_
1404 5431 1568 5508 Reg,
1620 5429 1807 5508 παίσῃ.
1848 5434 2040 5508 Angl.,

393 5500 673 5574 παιδεύσῃ.
703 5500 877 5570 Εάίῐὶ,
909 5500 1104 5574 παύσῃ,
1139 5506 1379 5574 prastat
1407 5500 1599 5574 prima
1627 5500 1817 5574 lectio.

468 5577 580 5649 (33)
611 5561 966 5650 Anglicanus
1006 5561 1203 5650 eqde‘x,
1261 5571 1348 5650 ἐπὶ
1403 5561 1495 5628 τὸν
1548 5573 1694 5633 ναόν.
1760 5577 1917 5634 Infra
1972 5573 2038 5650 δή

468 5592 580 5649 (ὄὸ)
611 5592 696 5632 an
745 5592 966 5632 ncanus
1006 5592 1203 5645 eoaex,
1261 5592 1348 5626 επι
1403 5593 1425 5628 τ

395 5647 660 5722 ροείῑίγάρ
693 5592 854 5722 gessi:
881 5648 940 5702 in
969 5646 1174 5722 eodem
1207 5645 1425 5703 codice.

469 5711 584 5794 (34)
625 5711 794 5794 Lege,
825 5711 1129 5799 Ἱεροϐοάμ.
