4132 6400
348 399 464 460 667

889 394 956 455 S.
1001 391 1422 454 ATHANASII
1467 392 1642 454 OPP.
1690 391 1891 456 PARS
1937 393 1984 454 1.
2018 427 2095 438 —
2125 393 2546 456 HISTORICA
2592 393 2695 455 ET
2737 392 3220 458 DOGMATICA.

3643 398 3768 462 668

345 530 653 587 deﬁnitum
678 546 712 584 a
734 525 1097 585 Providentia
1117 527 1413 582 decretum
1437 529 1974 596 anteverterent,au1

2103 526 2205 601 γὰρ
2239 524 2422 588 αὐτοῖς
2455 527 2594 600 μήτε
2638 529 2828 581 τοῦτον
2857 525 3099 602 παρόντα
3143 529 3422 600 πτήσσειν,
3476 530 3617 603 μήτε
3661 532 3765 603 τῆν

317 622 323 625 ⁷
348 619 555 676 divina
578 617 930 674 obsisterent
952 615 1400 688 dispensationi,
1424 615 1494 670 ad
1513 616 1682 688 cujus
1700 633 1762 672 se
1779 621 1990 672 nutum

2103 616 2413 690 ὡρισμένην
2456 617 2602 690 παρὰ
2654 623 2756 686 τῆς
2816 615 3080 689 Προνοίας
3137 617 3312 694 κρίσιν
3363 620 3478 694 (39)
3507 619 3766 696 προλαμ-

347 713 674 765 reservatos
704 705 1004 763 sciebant:
1039 720 1112 760 ne
1163 708 1382 760 temere
1429 705 1653 778 agendo
1693 706 1847 762 262
1879 706 1974 778 ips

2102 699 2305 773 ϐάνειν,
2370 706 2497 778 μήτ’
2555 702 2619 760 αὖ
2674 705 2809 781 πρὸς
2867 706 2967 774 τήν
3027 705 3342 780 οἰκονομίαν
3400 706 3569 778 αὐτῆς
3617 711 3765 766 ἀντι-

344 797 459 855 sibi
491 795 821 852 formidinis
851 797 1046 850 essent
1074 797 1342 849 auctores
1367 811 1380 861 ;
1411 794 1493 849 sic
1513 794 1671 850 enim
1703 795 1974 868 scriptun

2101 794 2375 868 πράττειν,
2430 794 2508 856 εἷς
2554 794 2621 864 ἣν
2672 792 2761 849 καὶ
2815 791 3259 871 φυλαττομένους
3317 796 3538 862 ἑαυτοὺς
3572 799 3764 875 ἐγίνω-

345 891 438 944 est
465 904 476 942 :
515 887 622 954 Qui
631 899 882 957 praeceps
909 887 987 939 est
1017 883 1202 952 labiis,
1234 884 1472 955 seipsum
1501 885 1721 940 terrebit
1744 885 1809 940 ⁸³.

343 977 459 1049 (40)
535 971 701 1029 αἷίτιοι
774 975 875 1026 τοῦ
950 973 1226 1026 πτοεῖσθαι
1328 973 1627 1047 γένωνται·

341 1061 550 1120 ἑαυτόν.

416 1155 504 1210 18.
527 1154 607 1210 Αο
636 1167 835 1209 revera
867 1151 940 1207 ad
999 1150 1360 1208 fortitudinis
1407 1151 1680 1208 virtutem
1710 1150 1790 1207 ita
1822 1155 1990 1208 erant

339 1241 686 1312 comparati,
719 1246 784 1298 ut
814 1257 1008 1309 nemo,
1034 1240 1374 1313 quicunque
1395 1242 1634 1297 tandem
1665 1240 1762 1313 sit,
1783 1241 1893 1297 hac
1914 1240 1986 1296 de

337 1350 398 1391 re
429 1331 723 1405 ambigere
753 1329 959 1404 possit.
1007 1328 1232 1386 Etenim
1281 1330 1614 1402 patriarcha
1656 1329 1835 1386 Jacob
1883 1329 1986 1402 qui

336 1424 503 1496 prius
535 1440 566 1478 a
598 1421 744 1477 facie
774 1421 922 1476 Esau
955 1420 1185 1492 fugerat
1223 1419 1288 1488 ⁵³,
1331 1424 1674 1492 prasentem
1735 1423 1982 1476 mortem

337 1527 712 1586 nequaquam
744 1510 946 1566 timuit
965 1509 1038 1563 5‘z
1072 1509 1215 1581 quin
1245 1510 1438 1580 potius
1469 1526 1534 1565 eo
1564 1507 1692 1582 ipso
1723 1513 1984 1581 tempore

333 1603 584 1676 singulis
610 1599 1074 1672 patriarcharum
1107 1614 1210 1670 pro
1243 1598 1528 1670 cujusque
1546 1598 1772 1654 meritis
1803 1599 1983 1654 bene-

334 1693 650 1750 dictionem
680 1689 1022 1761 impertivit.
1053 1688 1302 1760 Magnus
1330 1687 1469 1743 item
1517 1688 1743 1760 Moyses
1787 1687 1888 1759 qui
1919 1704 1982 1744 se

334 1785 468 1838 ante
498 1797 532 1836 a
559 1779 861 1834 Pharaone
890 1775 1226 1843 occultarat,
1261 1792 1327 1832 ac
1353 1776 1512 1832 illius
1569 1775 1878 1832 formidine
1918 1776 1978 1832 in

331 1876 548 1927 terram
581 1867 836 1924 Madiam
895 1869 1238 1934 secesserat,
1297 1865 1391 1921 his
1449 1864 1686 1934 auditis,
1725 1866 1870 1922 Vade
1918 1867 1979 1921 in

330 1962 650 2032 ﬁgi/ptum,
683 1957 906 2028 absque
927 1959 1082 2010 metu
1101 1955 1340 2026 jussum
1364 1954 1645 2026 implevit.
1663 1958 1851 2027 Atque
1872 1954 1978 2011 ite-

332 2049 697 2120 rumjussus
746 2045 806 2101 in
847 2049 1106 2100 montem
1156 2043 1392 2099 Abarim
1451 2045 1860 2115 conscendere,
1914 2048 1980 2099 ut

331 2137 564 2194 illic’obi
577 2141 661 2192 ret
679 2136 744 2207 ⁵⁵,
774 2150 1144 2206 nequaquam
1169 2149 1237 2187 ex
1261 2137 1421 2188 metu
1446 2132 1730 2204 substitit,
1754 2133 1853 2188 sed
1906 2132 1974 2187 li-

325 2227 532 2283 benter
545 2242 612 2281 eo
633 2224 954 2281 contendit.
972 2222 1151 2278 David
1171 2238 1403 2293 quoque
1436 2221 1533 2293 qui
1559 2225 1729 2277 antea
1757 2221 1976 2277 aSaule

328 2317 576 2390 fugerat,
603 2331 718 2370 non
736 2330 852 2386 prae
875 2311 1186 2368 formidine
1215 2311 1504 2367 recusavit
1533 2309 1668 2366 belli
1701 2311 1974 2383 periculis

327 2423 431 2479 pro
453 2404 666 2478 populo
690 2401 1014 2458 subeundis
1046 2416 1172 2456 sese
1204 2416 1338 2455 cum
1361 2399 1568 2472 primis
1594 2399 1799 2454 offerre
1830 2416 1842 2454 :
1869 2399 1983 2454 sed.

325 2495 426 2551 ubi
459 2493 664 2550 mortis
693 2490 781 2548 vel
814 2491 962 2564 fugae
993 2490 1288 2562 optionem
1334 2488 1446 2544 sibi
1489 2505 1618 2544 esse
1662 2488 1969 2556 audiisset,

325 2600 457 2640 cum
490 2581 731 2655 perinde
759 2579 956 2636 liceret
985 2583 1088 2634 aut
1125 2578 1325 2650 fugere
1371 2581 1472 2633 aut
1519 2577 1689 2643 mori,
1737 2577 1972 2648 sapiens

324 2673 424 2728 ille
452 2672 540 2733 vir
569 2673 820 2726 mortem
877 2668 1238 2740 praeoptavit.
1293 2666 1541 2740 Magnus
1592 2671 1784 2722 autem
1818 2665 1971 2722 Elias

327 2762 426 2835 qui
450 2777 512 2817 se
532 2777 568 2816 a
585 2758 850 2816 Jezabele
869 2757 1010 2813 olim
1049 2755 1385 2822 occultarat,
1435 2755 1675 2811 minime
1707 2755 1970 2811 reformi-

325 2851 506 2918 davit,
530 2849 774 2922 jubente
823 2845 1041 2919 Spiritu
1090 2849 1314 2914 sancto,
1373 2845 1606 2900 Achabo
1648 2861 1969 2913 occurrere,

327 2938 756 3009 Ochoziamque
811 2936 1179 3008 redarguere.
1237 2935 1439 2990 Petrus
1497 2950 1630 2989 vero
1685 2934 1786 3006 qui
1844 2951 1972 2992 sese

325 3034 484 3088 metu
517 3029 856 3086 Judaeorum
888 3024 1292 3092 absconderat,
1328 3028 1384 3078 et
1414 3022 1629 3079 Paulus
1672 3024 1971 3095 apostolus

327 3120 428 3195 qui
459 3119 516 3175 in
549 3121 748 3191 sporta
784 3114 1079 3172 demissus
1138 3113 1222 3168 sic
1275 3116 1557 3184 evaserat,
1615 3112 1706 3168 his
1755 3113 1971 3170 auditis

1708 971 1850 1027 οὕτω
1945 972 2048 1047 γὰρ
2135 971 2225 1026 καὶ
2301 973 2602 1049 γέγραπται
2645 992 2658 1006 ’

2101 902 2248 937 σκονο
2307 880 2401 938 ’ίνα
2463 885 2536 956 μὴ
2596 883 2720 956 καὶ,
2778 887 3068 958 προπετῶς
3120 886 3487 962 πράττοντες,
3550 888 3765 953 ἑαυτοῖς

2736 977 2790 1026 '0
2864 975 3147 1050 προπετὴς
3242 975 3456 1052 χείλεσι
3531 981 3763 1050 πτοήσει

2170 1152 2255 1207 18.
2311 1147 2536 1224 ’Δμέλει
2575 1154 2831 1206 τοσοῦτον
2882 1154 3017 1222 ἦσαν
3065 1156 3562 1228 παρεσκευασμένοι
3618 1157 3759 1232 πρὸς

2093 1240 2193 1308 τήν
2223 1245 2326 1308 τῆς
2357 1237 2605 1314 ἀνδρείας
2637 1241 2855 1316 ἀρετὴν,
2902 1241 2979 1304 ὡς
3034 1239 3174 1315 μηδὲ
3202 1243 3294 1298 τὸν
3322 1243 3564 1320 τυχόντα
3593 1243 3755 1301 δύνα-

2095 1329 2212 1382 σθαι
2259 1325 2506 1384 διστάσαι
2553 1328 2678 1404 περὶ
2725 1328 2945 1387 τούτου.
2997 1335 3051 1384 ‘0
3105 1332 3200 1405 μὲν
3249 1332 3354 1407 γὰρ
3403 1335 3756 1410 πατριάρχης

2096 1412 2315 1492 Ἰακὼϐ,
2364 1418 2578 1497 φεύγων
2629 1417 2891 1495 πρότερον
2945 1421 3037 1474 τὸν
3097 1422 3262 1476 Ἡσαῦ
3295 1466 3309 1492 ,
3361 1421 3460 1478 ούκ
3507 1418 3753 1501 ἐφοϐήθη

2091 1508 2329 1582 παρόντα
2372 1508 2466 1562 τὸν
2517 1508 2762 1562 θάνατον·
2802 1506 3018 1579 μᾶλλον
3051 1510 3155 1584 γὰρ
3189 1509 3240 1564 ἐν
3274 1509 3421 1584 αύτῷ
3449 1516 3530 1585 τῷ
3576 1518 3754 1590 καιρῷ

2089 1597 2206 1652 κατ’
2253 1597 2398 1667 ἀξίαν
2451 1594 2678 1652 ἕκαστον
2727 1600 2834 1652 τῶν
2889 1604 3242 1675 πατριαρχῶν
3300 1599 3554 1676 ηὐλόγειε
3617 1604 3646 1657 6
3691 1599 3752 1658 δὲ
3837 1637 3854 1651 ο

2093 1687 2261 1762 μέγας
2294 1693 2517 1757 Μωσῆς,
2557 1686 2933 1761 κρυπτόμενος
2977 1684 3085 1765 πρὸ
3131 1687 3328 1744 τούτου
3374 1693 3466 1746 τὸν
3517 1693 3748 1768 Φαραὼ,

2088 1776 2178 1830 καὶ
2240 1773 2310 1830 δι’
2366 1775 2522 1831 αὐτὸν
2595 1774 2963 1849 ἀποδημήσας
3020 1778 3098 1840 είς
3155 1775 3400 1853 Μαδιὰμ,
3461 1779 3694 1844 ἀκούσας
3728 1829 3746 1856 ,

2087 1863 2326 1920 ’Ἃπελθε
2355 1865 2432 1927 εἷς
2459 1863 2756 1940 Αἴγυπτον,
2801 1865 2900 1922 οὐκ
2949 1861 3219 1944 ἐφοϐήθηο
3267 1868 3432 1924 πάλιν
3476 1890 3538 1925 τε
3573 1891 3745 1946 προσ-

2084 1953 2305 2030 ταχθεὶς
2363 1949 2622 2024 ἀναϐῆναι
2682 1958 2794 2030 (41)
2853 1955 2930 2018 εἰς
2987 1957 3048 2011 τὸ
3102 1953 3232 2034 ὅρος
3275 1958 3340 2014 τὸ
3386 1953 3605 2036 ’Λϐαρεὶ
3653 1961 3746 2016 καὶ

2083 2040 2360 2114 τελευτᾷν,
2395 2043 2456 2098 ού
2489 2041 2764 2106 δειλιάσας
2816 2045 3124 2118 ἀπέμεινεν,
3185 2043 3332 2101 ἀλλά
3376 2047 3469 2102 καί
3511 2047 3745 2123 ἄσμενος

2086 2131 2340 2208 ὥρμησεν
2375 2133 2452 2194 εἰς
2484 2132 2663 2188 αὐτόν.
2719 2133 2818 2188 Καὶ
2847 2135 2874 2188 6
2911 2135 3005 2206 μὲν
3057 2129 3250 2205 Δαϐὶδ,
3292 2135 3506 2214 φεύγων
3545 2139 3745 2215 πρότε-

2087 2242 2178 2296 ρσν
2209 2221 2302 2276 τὸν
2356 2219 2561 2293 Σαοὺλ,
2596 2222 2695 2276 οὐκ
2743 2218 2995 2300 ἐφοϐεῖτο
3043 2221 3473 2300 προκινδυνεύων
3523 2225 3575 2282 ἐν
3625 2234 3747 2292 τοῖς

2083 2307 2353 2384 πολέμοις
2410 2311 2541 2387 ὑπὲρ
2598 2316 2706 2366 τῶν
2763 2309 2934 2368 λαῶν’
2990 2311 3137 2368 ἀλλά
3190 2315 3280 2369 καὶ
3335 2316 3460 2390 περὶ
3513 2315 3743 2373 θανάτου

2081 2399 2171 2454 καὶ
2223 2407 2403 2478 φυγῆς
2454 2397 2657 2476 ατίρεσιν
2707 2399 2978 2472 ἀκούσας,
3034 2401 3146 2473 ἐξὸν
3189 2403 3334 2476 αύτῷ
3383 2404 3598 2483 φεύγειν
3651 2408 3742 2462 καὶ

2085 2493 2202 2562 ζῇν,
2241 2486 2453 2562 μᾶλλον
2487 2487 2663 2544 εἵλετο
2694 2488 2786 2545 τὸν
2835 2491 3059 2547 θάνατον
3104 2493 3132 2546 6
3178 2493 3365 2571 σοφός’
3399 2496 3427 2549 6
3459 2492 3517 2550 δὲ
3571 2495 3741 2572 μέγας

2082 2577 2293 2652 Ἠλίας,
2343 2578 2716 2654 κρυπτόμενος
2768 2577 2940 2634 πάλαι
2986 2583 3086 2651 τήν
3138 2577 3396 2656 Ἰεζάϐελ,
3448 2583 3547 2640 οὐκ
3604 2583 3740 2641 ἐδει-

2081 2665 2287 2732 λίασεν,
2339 2667 2568 2730 ἀκούσας
2618 2670 2762 2742 παρά
2807 2674 2904 2724 τοῦ
2955 2670 3267 2744 Πνεύματος
3325 2673 3626 2744 ἀπαντῆσαι
3656 2680 3738 2749 τῷ

2082 2751 2314 2832 Ἀχαάϐ,
2364 2757 2454 2812 καὶ
2501 2758 2591 2811 τὸν
2650 2759 2908 2833 ’Πχοζίαν
2939 2761 3052 2832 (42)
3100 2757 3334 2834 ἐλέγξαι.
3380 2762 3584 2836 Πέτρος
3617 2763 3675 2818 δὲ
3706 2768 3735 2820 6

2082 2843 2170 2900 διὰ
2225 2845 2316 2902 τὸν
2364 2841 2531 2923 φόϐον
2559 2851 2668 2902 τῶν
2721 2845 2993 2905 Ἰουδαίων
3037 2848 3430 2922 κρυπτόμενος,
3463 2851 3553 2905 καὶ
3587 2845 3730 2907 Παῦὲ
3781 2860 3784 2862 ⁷

2081 2931 2177 2997 λος
2207 2936 2235 2989 6
2268 2935 2572 2998 ἀπόστολος
2595 2935 2645 2991 ἐν
2671 2937 2901 3012 σαργάνῃ
2921 2933 3212 3012 χαλασθεὶς
3242 2938 3332 2992 xui
3355 2940 3728 3015 φυγὼν,ἀκού-

2079 3045 2282 3097 σαντες,
2337 3025 2431 3088 Εἷς
2492 3027 2698 3099 (43-44)
2755 3026 2969 3098 Ῥώμην
3026 3022 3106 3080 δεῖ
3163 3025 3302 3099 ὑμᾶς
3363 3035 3720 3106 μαρτυρῆσαι,

2081 3112 2180 3168 ούκ
2209 3108 2538 3170 ἀνεϐάλοντο
2568 3116 2668 3184 τῆν
2697 3111 3027 3187 ἀποδημίαν·
3079 3114 3360 3190 χαίροντες
3409 3113 3466 3171 δὲ
3511 3116 3720 3191 μᾶλλον

326 3194 540 3278 verbis,
573 3207 811 3280 Oportet
837 3221 938 3260 vos
971 3205 1164 3259 Roma!
1197 3202 1541 3275 martyrium
1581 3202 1802 3265 subire,
1838 3219 1970 3275 pro-

2086 3200 2347 3272 ἀπῆλθον·
2393 3205 2482 3258 καὶ
2514 3205 2542 3259 6
2587 3204 2700 3278 μὲν,
2751 3204 2826 3265 ὡς
2874 3203 3013 3278 πρὸς
3059 3203 3186 3266 τοὺς
3238 3201 3408 3267 ἰδίους
3459 3203 3723 3276 σπεύδων,

328 3301 546 3357 fectum
573 3313 687 3354 non
714 3294 996 3351 distulere
1023 3309 1218 3361 suum,
1251 3291 1370 3347 imo
1414 3291 1607 3364 potius
1647 3292 1972 3364 gaudentes

2082 3290 2337 3366 ἐγάννυτο
2387 3293 2746 3371 σφαζόμενος,
2802 3295 2830 3348 6
2878 3289 2938 3347 δὲ
2978 3293 3067 3348 καὶ
3116 3292 3356 3370 παρόντα
3397 3295 3488 3349 τὸν
3545 3295 3728 3371 καιρὸν

330 3388 620 3452 abierunt,
648 3389 705 3441 et
733 3384 831 3439 ille
873 3382 1108 3456 quidem
1162 3385 1228 3436 ut
1247 3381 1319 3436 ad
1365 3397 1506 3436 suos
1527 3397 1866 3452 properans,
1901 3382 1973 3437 de

2086 3381 2143 3436 ού
2201 3383 2586 3454 κατέπτησσεν,
2649 3379 2795 3436 ἀλλά
2850 3382 2940 3436 καὶ
3001 3381 3266 3457 ἐκαυχᾶτο
3324 3381 3533 3459 λέγων’
3591 3384 3735 3459 Ἐγὼ

328 3494 467 3535 nece
493 3493 602 3533 sua
626 3471 1039 3548 gaudebat,hic
1062 3487 1193 3527 vero
1216 3487 1348 3526 cum
1368 3475 1604 3542 tempus
1625 3471 1857 3526 adesset
1877 3487 1973 3526 ne-

2086 3471 2182 3546 γὰρ
2230 3468 2339 3540 ἤδη
2399 3468 2721 3544 σπένδομαι,
2779 3470 2870 3525 καὶ
2932 3471 2960 3523 6
3017 3471 3206 3547 καιρὸς
3261 3477 3363 3540 τῆς
3423 3470 3734 3536 ἀναλύσεώς

327 3583 626 3640 quaquam
648 3562 967 3628 exhorruit,
993 3561 1093 3616 sed
1117 3560 1542 3632 gloriabundus
1558 3559 1670 3615 ait:
1695 3562 1804 3631 Ego
1825 3562 1974 3615 enim

2086 3581 2188 3634 μου
2221 3559 2529 3639 ἐφέστηκεν.
2637 3615 2642 3619 ,
2665 3573 2669 3578 ”

318 3659 444 3730 jam
471 3655 700 3722 delibor,
732 3661 784 3709 et
814 3661 1025 3721 tempus
1052 3651 1400 3706 resolutionis
1428 3663 1567 3706 mea
1592 3651 1764 3704 instat
1789 3650 1853 3705 ⁵⁵.

2155 3651 2237 3706 19.
2272 3652 2447 3703 Ταῦτα
2478 3646 2534 3703 δὲ
2565 3645 2689 3702 οὔτε
2733 3648 2832 3716 τήν
2884 3648 3147 3724 προτέραν
3180 3647 3356 3703 αὐτῶν
3392 3650 3569 3727 φυγῆν
3600 3652 3739 3706 κατὰ

399 3746 486 3801 19.
519 3744 650 3800 Haec
674 3746 870 3798 autem
902 3743 1055 3795 recte
1082 3737 1397 3806 declarant,
1421 3754 1528 3793 nec
1559 3739 1807 3810 priorem
1841 3737 1969 3794 illo-

2086 3736 2286 3792 δειλίαν
2319 3739 2641 3812 γεγενῆσθαι
2690 3734 2979 3810 δείκνυσιν,
3029 3734 3152 3792 οὕτε
3191 3742 3350 3792 τανῦν
3394 3740 3494 3808 τὴν
3531 3743 3736 3816 τυχοῦ-

327 3851 460 3891 rum
487 3833 684 3904 fugam
717 3849 786 3887 ex
817 3833 974 3886 metu
1007 3828 1185 3883 fuisse
1214 3831 1569 3899 susceptam,
1603 3844 1708 3883 nec
1750 3843 1878 3898 quae
1909 3827 1968 3884 in

2086 3850 2170 3882 σαν
2231 3828 2415 3890 αὐτοῖς
2474 3828 2664 3903 πρᾶξιν
2716 3833 2995 3902 μαρτυρεῖ,
3062 3826 3308 3903 μεγάλην
3365 3825 3422 3883 δέ
3467 3850 3588 3884 τινα
3633 3837 3738 3900 τῆς

324 3921 599 3996 praesenti
639 3920 890 3993 agebant
917 3916 1178 3988 vulgaris
1210 3915 1519 3987 cujusdam
1557 3916 1834 3972 facinoris
1858 3920 1974 3972 tes-

324 4011 662 4080 timonium,
692 4009 795 4065 sed
819 4022 1042 4079 magnae
1063 4005 1322 4072 virtutis,
1344 4005 1703 4061 fortitudinis
1726 4005 1967 4076 scilicet,

325 4105 741 4172 argumentum
771 4111 919 4152 esse.
951 4095 1149 4165 Neque
1178 4093 1334 4148 enim
1366 4107 1469 4165 per
1499 4093 1788 4166 ignaviam
1817 4110 1971 4151 sece-

329 4189 569 4256 debant,
595 4187 697 4242 sed
728 4190 869 4240 tunc
897 4183 1224 4256 impensius
1254 4182 1546 4256 augebant
1575 4200 1743 4240 suam
1775 4184 1833 4240 in
1862 4183 1970 4240 vir-

321 4282 450 4334 tute
483 4273 978 4333 exercitationem.
1021 4272 1221 4344 Neque
1276 4272 1348 4327 ob
1403 4271 1602 4345 fugam
1634 4273 1968 4344 improbati,

322 4367 411 4424 vel
432 4365 763 4423 timiditatis
787 4362 1042 4418 accusati
1061 4365 1200 4418 sunt
1219 4361 1290 4417 ab
1312 4361 1654 4432 hujusmodi
1675 4362 1835 4434 viris,
1869 4379 1968 4418 cu-

319 4456 584 4531 jusmodi
618 4457 758 4510 sunt
786 4453 884 4510 isti
918 4452 987 4508 ad
1039 4450 1475 4507 criminandum
1523 4451 1816 4524 prompti:
1851 4451 1970 4508 imo

322 4563 456 4603 vero
477 4545 635 4602 beati
657 4544 729 4601 ab
752 4543 880 4616 ipso
903 4541 1148 4598 Domino
1179 4540 1476 4613 praedicati
1511 4544 1668 4611 sunt,
1710 4540 1803 4597 his
1844 4557 1969 4597 ver-
1999 4564 2047 4630 D

323 4637 415 4692 bis
441 4652 454 4691 :
477 4636 639 4692 Beati
657 4635 758 4707 qui
772 4633 1211 4705 persecutionem
1245 4631 1535 4703 patiuntur
1553 4633 1776 4703 propter
1795 4631 1970 4702 justi-

323 4727 470 4781 tiam
491 4725 552 4782 57.
579 4723 696 4779 Nec
731 4721 842 4778 iste
899 4720 1065 4776 labor
1120 4718 1238 4775 illis
1297 4719 1490 4774 fructu
1519 4721 1798 4776 vacabat:
1831 4737 1969 4777 nam

323 4815 478 4872 sicut
503 4829 711 4871 aurum
741 4811 803 4867 in
834 4811 1068 4866 fornace
1097 4809 1392 4881 probatos,
1427 4812 1493 4863 ut
1522 4809 1605 4864 ait
1650 4809 1966 4882 Sapientia,

322 4904 547 4962 invenit
571 4901 706 4959 illos
733 4900 1010 4958 Dominus
1035 4898 1244 4971 dignos
1265 4913 1329 4954 se
1349 4898 1414 4954 ⁵⁸.
1439 4899 1510 4953 Et
1531 4898 1643 4971 ipsi
1685 4903 1812 4955 tum
1843 4917 1967 4956 ma-

390 5027 436 5062 ⁵³
466 5027 629 5083 Prov.
664 5042 791 5093 xm,
825 5025 879 5080 3.
975 5024 1022 5059 ⁸³
1049 5022 1256 5082 Genes.
1288 5040 1436 5078 XLIX.

322 5099 408 5155 10.
485 5099 528 5134 ⁸⁸
560 5099 696 5171 Sap.
729 5114 814 5168 ιιι,
846 5097 901 5152 5.

385 5223 501 5296 (39)
531 5223 749 5296 Begius
777 5224 834 5278 et
856 5219 1111 5296 Anglia,
1141 5217 1341 5296 κρίσιν,
1354 5219 1538 5296 ,ΕΑάίιιῇ
1565 5216 1786 5290 κλῆσιν.

386 5290 505 5366 (40)
534 5290 753 5366 Regius
781 5290 980 5366 codex,
1013 5290 1236 5366 ἑαυτῶν.
1264 5291 1438 5361 Editi,
1465 5291 1699 5365 ἑαυτοῖς,
1733 5294 1968 5352 rectius.

317 5362 747 5438 Infra-Anglic"
777 5365 1016 5438 πτοήσει
1038 5362 1249 5438 ἑαυτοῇΖ

386 5439 502 5511 (41)
534 5428 788 5511 Αῆειίό.,
846 5428 1136 5511 Ἀ’ν-ἀϐηθι.
1197 5435 1330 5511 Μρις
1367 5435 1692 5511 _id_em,_xui
1722 5432 1968 5511 τελεύταἲ

311 5503 502 5566 Paulo
530 5503 663 5581 post
694 5511 754 5566 in
773 5503 1029 5581 :Anglic._
1046 5503 1210 5564 deest
1235 5503 1400 5579 ἀλλά,
1428 5508 1489 5563 in
1521 5509 1694 5564 editis
1722 5525 1856 5564 vero
1880 5506 1970 5562 καί

314 5529 502 5566 rauio
530 5529 663 5636 ᾓοει
694 5529 754 5566 ιιι
785 5529 1014 5596 Anglic.
1048 5534 1050 5554 ι

314 5582 502 5638 deest.
589 5598 703 5652 εκ..
738 5576 897 5652 ἀλλα,
938 5577 1050 5652 καί.

390 5653 504 5725 (42)
523 5647 770 5725 Anglic:
786 5651 960 5725 male,
993 5647 1191 5725 Ϊρζίαν.

379 5717 597 5813 (⁷4344)
620 5717 958 5798 Anglicum,
989 5717 1079 5779 ὅτι
1106 5721 1202 5786 εἰς.
1237 5722 1368 5781 Mox
1393 5723 1571 5798 idem,
1607 5717 1964 5813 ἀπεϐάλοντο.

2081 3915 2326 3995 ἀνδρείας
2385 3916 2558 3972 αὐτῶν
2604 3918 2702 3986 τὴν
2757 3917 2950 3993 ἀρετὴν
3002 3916 3378 3991 ἀνακηρύττει.
3438 3916 3575 3973 Οὐδὲ
3630 3920 3736 3996 γὰρ

2079 4007 2196 4062 ἀντὶ
2228 4008 2342 4081 (45)
2375 4006 2640 4083 ῥᾳθυμίας
2687 4006 2834 4082 εἶχον
2885 4007 2984 4076 τῆν
3038 4007 3406 4084 ἀναχώρησιν,
3459 4005 3605 4062 ἀλλά
3643 4009 3737 4064 καὶ

2084 4095 2304 4170 μείζονα
2351 4096 2475 4151 τότε
2545 4097 2636 4150 τὸν
2691 4095 2848 4150 τόνον
2919 4102 3022 4165 τῆς
3082 4097 3360 4167 ἀσκήσεως
3415 4095 3683 4153 ἐπέτεινον
3721 4115 3735 4129 ⁸

2081 4183 2206 4240 οὐδὲ
2261 4186 2724 4261 κατεγινώσκοντο
2783 4183 3094 4264 φεύγοντες,
3155 4182 3279 4240 οὐδὲ
3325 4191 3738 4263 κατηγοροῦντο

2081 4270 2289 4336 δειλίας
2336 4275 2483 4350 παρὰ
2527 4272 2816 4343 τοιούτων,
2867 4274 2974 4328 οἷοι
3029 4277 3120 4326 νῦν
3171 4273 3284 4346 (46)
3315 4272 3447 4328 εἷ’σιν
3499 4274 3648 4330 οὗτοι
3681 4275 3738 4330 οἳ

2080 4361 2365 4441 φιλαίτιοι·
2399 4360 2548 4417 ἀλλὰ
2597 4361 2689 4418 καὶ
2746 4359 2962 4435 μᾶλλον
3015 4360 3406 4438 ἐμακαρίζοντο
3449 4365 3597 4440 παρὰ
3637 4369 3738 4419 τοῦ

2079 4452 2276 4527 Κυρίου
2335 4450 2596 4528 λέγοντος
2629 4471 2642 4485 ο
2702 4451 2970 4528 Μακάριοι
3031 4452 3084 4506 οἱ
3145 4448 3504 4527 δεδιωγμένοι
3558 4449 3736 4509 ἕνεκεν

2080 4539 2450 4612 δικαιοσύνης.
2483 4538 2643 4597 Ἀλλ’
2695 4538 2820 4596 οὐδὲ
2868 4539 3160 4618 ἀνωφελὴς
3211 4540 3394 4604 αὐτοῖς
3427 4543 3454 4596 6
3482 4546 3736 4606 τοιοῦτος

2079 4629 2286 4707 ἐγίνετο
2317 4633 2434 4706 (47)
2464 4631 2727 4706 κάματος·
2760 4631 2836 4692 ὡς
2885 4630 2989 4707 γὰρ
3040 4630 3241 4708 χρυσὸν
3289 4631 3342 4686 ἐν
3375 4630 3738 4708 χωνευτηρίῳ

2080 4718 2522 4796 δοκιμασθέντας,
2573 4720 2647 4783 ὡς
2699 4721 2842 4776 εἶπεν
2875 4721 2910 4790 ἡ
2945 4719 3140 4798 Σοφία,
3191 4719 3428 4794 εὕρισκεν
3475 4719 3671 4784 αὐτοὺς
3707 4721 3739 4776 ὀ

2077 4812 2207 4874 Θεὸς
2237 4810 2417 4882 ἀξίους
2451 4812 2664 4866 ἑαυτοῦ.
2711 4807 2810 4864 Καὶ
2857 4807 3009 4864 αὐτοὶ
3059 4811 3173 4883 (48)
3222 4809 3346 4865 τότε
3392 4807 3604 4884 μᾶλλον
3658 4809 3740 4874 ὡς

2078 4901 2364 4976 σπινθῆρες
2412 4899 2753 4973 ἀνέλαμπον,
2805 4898 3107 4972 σωζόμενοι
3161 4899 3253 4972 μὲν
3286 4899 3392 4954 ἀπὸ
3429 4904 3539 4954 τῶν
3569 4920 3739 4955 κατα-

1531 5024 1576 5058 ⁵⁴
1603 5024 1781 5082 Exod.
1821 5042 1905 5098 ιιι,
1947 5027 1974 5082 1

2109 5029 2154 5063 ⁵⁵
2181 5028 2350 5084 Deut.
2380 5043 2558 5099 xxxn,
2589 5026 2677 5106 49.
2755 5026 2799 5061 ⁵⁸
2839 5025 2888 5082 ΙΙ
2918 5024 3070 5080 Tim.
3105 5041 3182 5095 Iv,
3204 5026 3260 5097 6,
3335 5027 3379 5061 ⁵⁷
3410 5026 3616 5082 Matth.
3672 5044 3742 5098 ν,

2083 5226 2244 5308 Infra
2269 5224 2408 5308 Reg.
2442 5227 2500 5308 et
2528 5222 2670 5306 edit.
2711 5218 3342 5308 commel.,“1=p6‘q:cobc
3385 5217 3582 5305 ἰδίους.
3614 5223 3739 5278 An-

2082 5297 2161 5376 gl.
2196 5301 2254 5376 et
2281 5291 2420 5376 edit.
2455 5293 2660 5376 Paris”
2693 5292 2830 5376 πρὸς
2860 5291 2987 5354 τοὺς
3020 5291 3336 5365 Ἰουδαίους,
3370 5294 3569 5350 minus
3607 5310 3744 5351 rec-

2082 5365 2159 5440 te,
2193 5372 2252 5424 et
2280 5368 2361 5423 ita
2389 5365 2531 5448 legit
2558 5365 2846 5422 Nannius.

2153 5439 2267 5512 (45)
2297 5437 2547 5512 Anglia,
2578 5433 2715 5512 068%
2743 5430 3005 5512 15:60666

2187 5454 2267 5526 ιφ)
2297 5454 2547 5526 Anglic”
2578 5454 2715 5526 quos
2743 5454 3026 5526 vacuos.

2177 5457 2267 5507 ’13)
2297 5457 2547 5509 angue”
2578 5457 2715 5490 υυοε
2785 5457 2847 5489 αο
2881 5457 3026 5491 ουοε.

2176 5511 2244 5565 46
2293 5509 2546 5580 Anglic.,
2579 5507 2692 5562 οἶον
2729 5457 2782 5561 ελ
2811 5489 2926 5564 ὸδν.

2175 5583 2241 5638 47
2295 5581 2545 5653 Auglic.,
2581 5577 2929 5654 ἐγινώσκετο.
2965 5579 3097 5638 Mox
3124 5579 3303 5651 idem,
3336 5576 3585 5657 χρυσίον.

2178 5655 2244 5712 48
2300 5651 2555 5712 Anglic”
2589 5648 2756 5708 Αὐτοὶ
2789 5648 2865 5709 δέ.

2352 5668 2555 5728 ngnc.,
2589 5668 2756 5708 Αυτοι
2789 5668 2865 5709 οε.

2152 5513 2169 5728 ἓ

2247 5512 2265 5728 ξ
