4132 6402
305 393 426 455 669

1506 389 1900 453 APOLOGIA
1943 388 2043 448 DE
2088 388 2300 449 FUGA
2344 387 2517 449 SUA.

3599 388 3722 449 610

309 522 616 579 διωκόντων
680 522 892 595 αὐτοὺς,
955 521 1228 598 ῥυσθὲννες
1288 519 1345 577 δὲ
1393 520 1451 577 ἐκ
1487 525 1591 575 τῶν
1624 515 1987 591 ἐπιϐουλῶνν

2100 518 2160 588 {is
2182 519 2351 590 quasi
2374 517 2637 574 scintilla:
2662 517 3062 590 refulgebant:
3116 518 3299 590 erepti
3350 537 3384 574 a
3413 526 3718 591 persecuto

306 612 397 668 καὶ
448 609 537 667 διὰ
585 616 745 667 τοῦτο
793 611 1161 690 φυλαχθέντες
1208 616 1324 674 τοῖς
1374 609 1531 673 λαοῖς
1590 610 1665 673 εἷς
1718 607 1964 665 διδασκα-

309 700 454 774 λίαν,
511 700 649 757 ὥστε
696 700 787 756 καὶ
836 703 934 771 τήν
985 702 1160 780 φυγὴν
1216 700 1410 773 αὐτῶν,
1457 700 1547 756 καὶ
1590 701 1652 755 τὸ
1684 696 1964 774 διαδρᾶναι

306 796 414 847 τῶν
451 790 753 861 ζητούντων
786 792 876 845 τὸν
907 792 1099 865 θυμὸν,
1132 791 1246 845 κατ’
1279 790 1594 863 οἰκονομίαν
1626 793 1723 844 τοῦ
1764 788 1963 864 Κυρίου

310 882 652 957 γεγενῆσθαι·
705 880 829 935 τότε
875 882 979 957 γὰρ
1038 880 1212 943 οὕτως
1262 881 1351 935 καὶ
1401 877 1673 958 θεοφιλεῖς
1706 877 1965 954 ἐγίνοντο,

311 970 402 1025 καὶ
430 967 731 1041 καλλίστην
768 969 918 1045 εἶχον
966 976 1065 1039 τῆς
1118 968 1473 1045 ἀνδραγαθίας
1502 969 1601 1038 τήν
1648 966 1965 1044 μαρτυρίαν.

385 1150 475 1205 20.
510 1149 565 1201 Ὀ
613 1151 742 1223 γοῦν
792 1149 1143 1225 πατριάρχης
1196 1142 1390 1203 Ἰακὼϐ
1440 1149 1653 1226 φεύγων
1699 1144 1965 1201 πλειόνων

322 1238 615 1309 ὄπτασιῶν,
643 1237 732 1292 καὶ
758 1237 964 1292 τούτων
997 1237 1177 1307 θείων,
1222 1237 1566 1308 κατηξιοῦτοο
1611 1234 1702 1292 καί
1754 1234 1965 1310 μᾶλλον

254 1350 255 1353 η
321 1330 541 1403 ἠρεμῶν
600 1328 783 1399 αὐτὸς,
842 1326 997 1402 ἔσχεν
1056 1328 1185 1402 ὑπὲρ
1247 1328 1438 1382 ἑαυτοῦ
1486 1328 1573 1381 τὸν
1624 1325 1821 1402 Κύριον
1876 1326 1965 1380 τὸν

324 1418 418 1491 μὲν
480 1411 659 1471 Λάϐαν
720 1415 1058 1493 ἐντρέποντα,
1110 1417 1201 1471 τὸν
1255 1416 1312 1471 δὲ
1365 1418 1529 1471 Ἡσαῦ
1584 1413 1965 1489 ἐμποδίζοντα”

319 1506 408 1561 καὶ
445 1507 578 1579 μετὰ
624 1510 793 1559 ταῦτα
839 1506 1033 1581 γέγονε
1073 1510 1174 1559 τοῦ
1222 1504 1395 1560 Ἰούδα
1424 1507 1627 1581 πατὴρ,
1659 1503 1710 1574 ἐξ
1744 1504 1805 1558 οὗ
1837 1504 1972 1558 κατά

322 1598 491 1671 σάρκα
546 1594 813 1649 ἀνέτειλεν
870 1596 897 1648 ὁ
957 1594 1186 1670 Κύριος,
1241 1595 1330 1651 καὶ
1386 1598 1484 1657 τας
1542 1592 1799 1668 εὐλογίας
1854 1597 1972 1654 τοῖς

321 1685 685 1761 πατριάρχαις
742 1682 1047 1755 διηκόνησε.
1110 1692 1309 1754 Μωσῆς
1366 1705 1425 1739 τε
1481 1685 1508 1738 6
1558 1680 1839 1761 θεοφιλὴς,
1886 1681 1975 1737 ὅτε

324 1772 534 1852 ἔφευγε,
565 1773 687 1828 τότε
714 1774 804 1828 καὶ
851 1776 949 1843 τὴν
1006 1771 1250 1849 μεγάλην
1303 1772 1487 1848 ὅρασιν
1539 1770 1667 1845 εἶδε,
1716 1771 1807 1826 καὶ
1858 1770 1973 1827 δια-

2072 607 2256 679 ribus,
2286 608 2358 662 ab
2391 624 2710 680 eorumque
2750 607 2985 664 insidiis
3032 606 3282 679 liberati,
3335 625 3520 681 eoque
3550 615 3719 682 pacto

2073 696 2286 753 servati
2321 700 2385 751 ut
2436 695 2682 768 populos
2739 698 3064 752 edocerent.
3126 698 3327 769 Itaque
3367 700 3522 770 quod
3558 700 3722 772 fuge-

2074 785 2213 853 rint,
2246 789 2302 841 et
2334 786 2488 857 quod
2521 786 2907 857 quaarentium
2949 803 3012 842 se
3044 785 3299 842 furorem
3331 787 3639 859 evaserint,
3662 788 3727 843 il-

2074 873 2176 930 lud
2208 890 2276 929 ex
2307 874 2535 929 Domini
2564 875 3001 946 dispensatione
3050 876 3266 932 factum
3310 881 3435 933 est:
3469 893 3536 933 eo
3568 878 3724 933 enim

2077 964 2249 1020 modo
2275 967 2416 1019 tunc
2446 963 2561 1019 Deo
2588 964 2704 1019 cari
2746 965 2978 1030 redditi,
3012 969 3069 1021 et
3114 965 3577 1037 pulcherrimum
3608 968 3725 1023 for-

2076 1052 2347 1110 titudinis
2378 1069 2494 1108 suae
2522 1053 2927 1109 testimonium
2959 1057 3099 1111 sunt
3136 1056 3452 1113 consecuti.

2147 1144 2238 1197 20.
2272 1141 2610 1197 Patriarcha
2639 1146 2791 1199 certe
2820 1142 2999 1199 Jacob
3022 1144 3162 1199 dum
3187 1146 3427 1218 fugeret,
3458 1145 3727 1219 pluribus

2078 1231 2423 1297 visionibus,
2448 1230 2710 1303 ipsisque
2733 1230 2966 1298 divinis,
2989 1233 3202 1305 dignus
3215 1234 3583 1304 esthabitus;
3609 1237 3727 1294 imo

2080 1322 2221 1377 dum
2244 1321 2370 1393 ipse
2391 1320 2451 1375 in
2472 1321 2667 1392 quiete
2688 1321 2941 1392 degeret,
2979 1322 3292 1379 Dominum
3318 1325 3727 1397 Opitulatorem

2080 1412 2305 1480 habuit,
2355 1410 2456 1480 qui
2516 1411 2711 1465 Laban
2764 1410 2983 1481 pudore
3014 1413 3277 1478 suffudit,
3305 1419 3361 1469 et
3391 1415 3542 1470 Esau
3577 1433 3731 1471 coer-

2082 1502 2202 1557 cuit
2233 1501 2297 1555 59.
2331 1499 2432 1554 His
2464 1516 2698 1570 quoque
2728 1499 2999 1571 posthaec
3022 1506 3185 1572 pater
3206 1503 3316 1558 fuit
3335 1503 3497 1562 Judae
3520 1522 3586 1560 ex
3613 1522 3729 1577 quo

2083 1590 2408 1646 secundum
2432 1605 2667 1644 carnem
2693 1593 2854 1644 ortus
2901 1594 2991 1645 est
3025 1589 3345 1649 Dominus:
3380 1594 3734 1665 benedictio:

2083 1696 2304 1752 nasque
2334 1678 2459 1750 ipse
2506 1677 2856 1750 patriarcbis
2908 1679 3286 1751 dispensavit.
3337 1682 3563 1756 Moyses
3593 1685 3732 1740 item

2085 1774 2198 1825 Deo
2229 1785 2401 1825 carus
2434 1772 2558 1823 tum
2593 1784 2868 1840 magnam
2909 1767 3069 1825 illam
3122 1769 3404 1827 visionem
3434 1773 3735 1845 conspexit

326 1864 515 1924 σωθεὶς
550 1864 652 1917 ἀπὸ
694 1866 800 1917 τῶν
856 1860 1185 1932 διωκόντων,
1237 1864 1527 1939 προφήτης
1574 1862 1649 1924 είς
1700 1860 1972 1937 Αἴγυπτον

2100 1876 2219 1914 sum
2253 1858 2496 1930 fugeret,
2549 1860 2604 1912 et
2654 1874 2688 1912 a
2734 1858 3223 1929 persequentibus
3268 1859 3567 1928 liberatus,
3604 1881 3735 1935 pro-

328 1949 709 2022 ἀπεστέλλετο,
744 1950 997 2013 διάκονός
1043 1972 1102 2006 τε
1152 1956 1259 2005 τῶν
1306 1951 1579 2006 τοσούτων
1614 1951 1856 2024 σημείων
1888 1951 1976 2006 καὶ

325 2044 421 2094 τοῦ
452 2040 623 2111 νόμου
656 2040 969 2115 γενόμενος,
1022 2042 1372 2115 καθηγήσατο
1418 2046 1512 2094 τοῦ
1552 2040 1810 2096 τοσούτου
1843 2039 1978 2095 λαοῦ

330 2128 382 2184 ἐν
415 2133 481 2202 τῇ
517 2127 733 2204 ἐρήμῳ.
768 2130 865 2183 Καὶ
900 2131 927 2184 6
962 2130 1056 2202 μὲν
1111 2125 1274 2184 Δαϐἰδ
1307 2128 1638 2203 διωκόμενος
1682 2128 1976 2186 ἐδίδασκενο

330 2217 683 2293 Ἐξηρεύξατο
740 2221 775 2287 ἡ
844 2216 1041 2293 καρδία
1118 2242 1221 2293 μου
1298 2220 1463 2295 λόγον
1539 2221 1782 2295 ἀγαθὸν,
1843 2220 1930 2275 καί
1966 2264 1979 2288 ,

330 2310 387 2361 '0
432 2306 561 2368 Θεὸς
610 2309 767 2379 ἡμῶν
823 2305 1077 2386 ἐμφανῶς
1129 2306 1263 2378 ἧξεν
1317 2310 1345 2363 6
1395 2310 1523 2371 Θεὸς
1575 2311 1735 2381 ἡμῶν
1785 2310 1873 2364 καὶ
1920 2309 1981 2366 οὖ

330 2398 830 2472 παρασιωπήσεται.
865 2396 964 2451 Καὶ
1026 2396 1237 2471 μᾶλλον
1277 2396 1335 2453 δὲ
1394 2396 1548 2474 ἴσχυε
1606 2396 1782 2474 λέγων
1821 2421 1834 2434 ο
1896 2400 1980 2454 Ἐν

331 2491 447 2547 τοῖς
508 2485 726 2561 ἐχθροῖς
814 2507 917 2559 μου
976 2485 1180 2541 ἐπεῖδεν
1242 2488 1270 2541 ὁ
1334 2486 1613 2565 ὀφθαλμός
1681 2509 1783 2560 μου
1822 2508 1835 2521 ⁸
1893 2489 1983 2543 καὶ

334 2574 518 2630 πάλιν·
582 2575 703 2629 Ἐπὶ
758 2580 836 2647 τῷ
895 2580 1009 2648 Θεῷ
1065 2573 1314 2646 ἤλπισα,
1377 2577 1437 2631 ού
1492 2572 1880 2656 φοϐηθήσομαι
1930 2577 1984 2633 τί

334 2666 553 2735 ποιήσει
614 2685 707 2737 μοι
765 2660 1045 2739 ἅνθρωπος
1080 2709 1093 2723 .
1156 2666 1379 2741 Φεύγων
1438 2686 1496 2720 τε
1545 2668 1635 2721 καὶ
1694 2664 1985 2743 ἀποδιδρά-

337 2775 476 2808 σκων
506 2753 611 2808 ἀπὸ
640 2754 936 2829 προσώπου
992 2753 1174 2809 Σαοὺλ
1223 2755 1298 2818 εἷς
1328 2756 1389 2810 τὸ
1434 2754 1727 2827 σπήλαιον,
1778 2753 1983 2833 ἔλεγεν*

339 2840 734 2913 Ἐξαπὲστειλεν
812 2841 863 2913 ἐξ
941 2842 1167 2921 ούρανοῦ
1202 2889 1217 2916 ,
1276 2847 1365 2900 καὶ
1442 2842 1609 2901 ἔσωσὲ
1670 2868 1736 2920 με
1776 2894 1791 2921 ,
1854 2845 1987 2903 ἔδω-

334 2953 422 2987 κεν
494 2932 569 2994 είς
637 2926 845 2995 ὄνειδος
923 2932 1050 2996 τοὺς
1133 2937 1571 2998 καταπατοῦντας
1644 2957 1710 3010 με
1753 2980 1765 2993 .
1836 2937 1920 3008 Ἐξ
1965 2971 1988 2981 -

336 3018 648 3077 απέστειλεν
707 3023 735 3076 6
792 3022 922 3084 Θεὸς
975 3023 1039 3077 τὸ
1115 3021 1269 3086 ἔλεος
1325 3023 1490 3079 αὐτοῦ
1544 3024 1635 3079 καὶ
1690 3026 1790 3095 τήν
1849 3024 1989 3098 ἀλή-

336 3114 480 3166 θειαν
527 3109 712 3179 αὐτοῦ,
760 3110 850 3165 καὶ
901 3109 1158 3187 ἐρρύσατο
1212 3113 1313 3182 τήν
1374 3114 1559 3188 ψυχήν
1617 3135 1721 3186 μου
1781 3114 1840 3169 ἐκ
1902 3116 1991 3189 μὲ-

338 3221 434 3255 σου
483 3199 755 3274 σκύμνων.
806 3197 959 3255 Οὕτω
1006 3197 1064 3255 δὲ
1108 3202 1297 3263 σωθεὶς
1354 3208 1469 3256 κατ’
1527 3202 1841 3277 οἰκονομίαν
1899 3205 1989 3259 καὶ

339 3290 521 3360 αὐτὸς,
553 3291 747 3365 γὲγονε
781 3290 914 3363 μετά
961 3294 1128 3345 ταῦτα
1184 3288 1459 3365 βασιλεὺς,
1512 3292 1602 3347 καὶ
1629 3294 1728 3363 τὴν
1763 3292 1989 3370 ἐπαγγε-
2020 3264 2063 3331 C

342 3377 463 3433 λίαν
525 3376 679 3454 ἔσχεν
736 3376 796 3432 ἐκ
845 3378 1154 3455 σπέρματος
1212 3378 1375 3433 αὐτοῦ
1425 3380 1516 3434 τὸν
1576 3380 1770 3456 Κύριον
1830 3384 1991 3456 ἡμῶν

345 3464 641 3525 ἀνατεῖλαι.
674 3468 730 3521 Ὁ
764 3465 821 3523 δὲ
873 3469 1042 3543 μέγας
1091 3466 1280 3531 Ἡλίας
1329 3468 1630 3545 ἆναχωρων
1662 3471 1739 3533 εἰς
1766 3472 1828 3527 τὸ
1863 3475 1996 3549 Καρ-

349 3556 552 3632 μήλιον
584 3552 711 3633 ὅρος
762 3555 1076 3612 ἐπεκαλεῖτο
1130 3559 1241 3630 (49)
1287 3556 1377 3613 τὸν
1411 3558 1557 3614 Θεόνο
1591 3559 1679 3614 καὶ
1718 3559 1847 3624 τοὺς
1901 3562 1993 3635 μὲν

343 3653 445 3717 τῆς
478 3644 621 3701 Βάαλ
671 3649 956 3725 προφήτας
1002 3648 1382 3721 τετρακοσίους
1431 3642 1585 3711 ὄντας
1633 3650 1723 3705 καὶ
1772 3647 1997 3714 πλείους

348 3734 560 3810 ἀθρόως
593 3733 888 3809 ἀπήλειψε,
918 3734 1047 3798 τοὺς
1089 3733 1146 3790 δὲ
1191 3738 1531 3814 πεμφθέντας
1580 3736 1663 3793 ἐπ’
1711 3738 1868 3794 αὐτὸν
1900 3737 1998 3794 δύο

348 3826 854 3901 πεντηκοντάρχους
926 3826 1060 3898 μετὰ
1105 3828 1214 3880 τῶν
1274 3826 1499 3901 ἑκατὸν,
1560 3825 1770 3903 λὲγων,
1827 3836 1998 3884 Κατα-

352 3909 505 3985 ϐήτω
535 3918 641 3990 πῦρ
704 3913 794 3969 ἀπ’
852 3914 1102 3988 οὐρανοῦ,
1162 3915 1211 3969 ἐν
1265 3914 1445 3989 τούτῳ
1496 3916 1585 3971 καὶ
1638 3916 1855 3981 τούτοις
1911 3919 2003 3974 ἐπ-

351 4002 597 4076 ετίμησε,
650 4005 945 4077 τετήρηται
1007 4001 1064 4058 δὲ
1119 4004 1209 4059 καὶ
1266 4004 1447 4077 αὐτὸς,
1493 4004 1632 4061 ὥστε
1678 4007 1769 4062 τὸν
1821 4005 2004 4063 Ἑλισ-

347 4096 496 4147 σαῖον
530 4092 643 4146 ἀνθ’
676 4092 867 4147 ἑαυτοῦ
918 4097 1132 4169 χρῖσαι,
1180 4094 1271 4148 καὶ
1317 4093 1487 4157 τύπος
1537 4096 1614 4159 εἰς
1657 4094 1878 4167 ἄσκησιν
1911 4118 2002 4172 γε-

349 4182 528 4236 νεσθαι
559 4188 677 4244 τοῖς
709 4182 850 4244 υἱοῖς
901 4186 1006 4237 τῶν
1058 4188 1380 4260 προφητῶν.
1430 4182 1648 4248 Παῦλος
1681 4182 1739 4241 δὲ
1768 4187 1796 4241 ὁ
1831 4188 2005 4261 μακά-

352 4290 469 4347 ριος
530 4272 751 4349 γράφων
788 4292 800 4305 ·
856 4268 1018 4333 Ο⁸ίους
1077 4270 1359 4347 διωγμοὺς
1420 4274 1735 4349 ὑπήνεγκα,
1798 4277 1888 4331 καὶ
1949 4276 2007 4331 ἐκ

350 4360 565 4415 πάντων
629 4381 695 4433 με
750 4358 1013 4437 ἐῤῥύσατο
1072 4360 1100 4417 ὁ
1157 4360 1377 4435 Κύριος,
1438 4363 1529 4417 καὶ
1577 4363 1811 4439 ῥύσεται,
1866 4364 2006 4438 μᾶλ-

354 4446 451 4503 λον
510 4446 669 4524 ἴσχυε
724 4447 932 4525 λέγων·
982 4446 1136 4506 Ἀλλ’
1194 4449 1245 4505 ἐν
1298 4450 1514 4515 τούτοις
1571 4458 1730 4508 πᾶσιν
1787 4454 2007 4510 ὑπεονι-

355 4542 537 4612 κῶμεν
573 4583 587 4609 ,
647 4535 799 4594 οὐδὲν
848 4540 952 4615 γὰρ
1002 4540 1150 4613 ἡμᾶς
1205 4538 1436 4616 χωρίσει
1484 4542 1588 4596 ἀπὸ
1642 4549 1743 4611 τῆς
1790 4544 2006 4619 ἀγάπης

2088 1948 2263 2021 pheta
2292 1947 2351 2001 in
2385 1947 2695 2018 zEgyptum
2728 1946 2967 2013 missus,
3018 1952 3437 2021 tantorumque
3470 1953 3737 2009 minister

2089 2037 2391 2109 signorum
2441 2036 2699 2103 et‘l‘ectus,
2750 2036 2949 2108 populi
3000 2039 3235 2093 tandem
3287 2040 3344 2094 in
3395 2056 3591 2097 eremo
3621 2043 3739 2099 dux

2090 2126 2220 2181 fuit.
2256 2128 2323 2181 Et
2355 2125 2525 2181 David
2578 2142 2711 2179 cum
2771 2126 3237 2197 persecutionem
3293 2133 3589 2201 pateretur
3617 2131 3738 2187 hsec

2092 2216 2326 2272 docuit:
2360 2217 2645 2271 Eructavit
2678 2231 2768 2270 eor
2813 2231 2995 2270 meum
3046 2216 3268 2273 verbnm
3318 2220 3515 2274 bonum
3544 2222 3625 2277 60:
3658 2226 3735 2291 et,

2092 2306 2230 2360 Deus
2254 2308 2437 2360 noster
2474 2303 2627 2359 263
2671 2304 2970 2375 manifeste
3010 2308 3223 2361 veniet:
3280 2308 3422 2364 Deus
3451 2314 3652 2379 noster,
3687 2320 3740 2367 et

2092 2410 2207 2449 non
2229 2394 2413 2449 silebit
2441 2394 2506 2447 ⁸⁸.
2544 2394 2664 2448 lmo
2697 2395 2884 2465 magis
2929 2394 3171 2450 invaluit
3217 2413 3348 2452 cum
3401 2398 3521 2454 1]ωο
3554 2400 3735 2457 dixit:

2098 2484 2351 2538 Inimicos
2380 2498 2528 2537 meos
2563 2481 2815 2553 despexit
2848 2484 3036 2539 oculus
3074 2501 3223 2541 meus
3245 2487 3290 2521 ⁶²
3317 2503 3329 2541 :
3374 2492 3430 2543 et
3460 2506 3693 2545 rursum
3721 2507 3736 2545 :

2093 2574 2155 2628 In
2191 2574 2290 2627 Deo
2318 2573 2552 2644 speravi,
2585 2589 2699 2626 non
2728 2574 2930 2627 timebo
2960 2574 3091 2645 quid
3119 2576 3291 2644 faciat
3320 2577 3459 2632 mihi
3495 2580 3650 2636 homo
3672 2580 3739 2636 ⁸³.

2096 2664 2239 2717 Cum
2265 2667 2459 2717 autem
2484 2661 2727 2733 fugeret,
2751 2678 2783 2717 a
2805 2662 3064 2735 facieque
3103 2665 3297 2720 Saulis
3319 2666 3377 2721 in
3400 2669 3741 2739 speluncam

2098 2751 2433 2817 declinaret,
2465 2751 2585 2806 haec
2612 2751 2728 2807 ait:
2780 2753 2940 2808 Misit
2994 2753 3059 2809 de
3112 2756 3241 2810 caelo
3296 2764 3347 2812 et
3373 2759 3606 2815 saluauit
3633 2776 3741 2831 me,

2097 2841 2244 2897 dedit
2278 2843 2338 2897 in
2363 2841 2715 2913 approbrium
2742 2842 3118 2900 coneutcantes
3144 2861 3250 2901 me.
3299 2846 3447 2903 Misit
3474 2850 3615 2905 Deus
3642 2852 3748 2906 mi-

2097 2931 2455 2987 sericordiam
2483 2946 2643 2986 suam
2682 2939 2734 2986 et
2761 2934 3050 2988 veritatem
3077 2949 3255 3006 suam,
3298 2939 3351 2991 et
3374 2938 3586 3010 eripuit
3613 2940 3745 2995 ani-

2099 3036 2248 3075 mam
2275 3036 2454 3076 meam
2484 3020 2551 3075 de
2579 3019 2759 3075 medio
2787 3021 3102 3077 catulorum
3131 3023 3348 3079 leonum
3366 3024 3430 3081 “.
3454 3028 3643 3099 Atque
3664 3029 3747 3084 ita

2100 3114 2363 3165 servatus
2385 3110 2512 3182 ipse
2532 3125 2635 3182 per
2663 3109 2758 3165 Dei
2785 3111 3211 3181 providentiam
3233 3113 3293 3167 in
3326 3130 3522 3186 regem
3546 3120 3748 3188 postea

2100 3198 2212 3254 fuit
2240 3202 2565 3270 cooptatus,
2608 3198 3084 3273 promissumque
3132 3201 3243 3256 fuit
3287 3200 3371 3257 illi
3422 3220 3491 3259 ex
3520 3205 3747 3262 semine

2102 3290 2231 3359 ejus
2265 3287 2575 3344 Dominum
2605 3292 2871 3344 nostrum
2918 3288 3230 3346 oriturum.
3272 3292 3521 3365 Magnus
3553 3298 3750 3351 autem

2102 3377 2257 3434 Elias
2288 3378 2428 3433 dum
2461 3379 2533 3433 ad
2555 3377 2877 3434 Carmelem
2908 3383 3167 3435 montem
3216 3383 3532 3451 secederet,
3565 3385 3750 3442 Deum

2104 3467 2413 3523 invocavit.
2440 3467 2611 3539 Isque
2635 3466 2761 3539 ipse
2782 3466 2976 3524 Baalis
2999 3469 3314 3542 prophetas
3335 3488 3579 3530 numero
3604 3491 3753 3547 qua-

2108 3558 2472 3628 dringentos,
2504 3557 2622 3612 imo
2654 3555 2873 3628 plures,
2907 3574 3027 3613 una
3058 3558 3305 3615 delevit:
3340 3561 3486 3618 duos
3517 3580 3649 3620 vero
3681 3566 3754 3622 ad

2110 3665 2171 3705 se
2190 3647 2415 3719 legatos
2452 3645 2990 3718 quinquagenarias
3013 3663 3148 3703 cum
3183 3654 3417 3705 centum
3441 3651 3604 3722 viris,
3634 3654 3758 3710 haec

2110 3736 2473 3811 proferendo,
2495 3735 2788 3791 Descendat
2808 3737 2954 3806 ignis
2974 3736 3039 3792 de
3065 3738 3197 3792 caelo
3219 3739 3281 3805 ⁸⁵,
3308 3739 3392 3795 sic
3413 3740 3542 3797 illos
3575 3743 3758 3811 ultus,

2109 3827 2235 3899 ipse
2260 3829 2524 3881 servatus
2556 3830 2662 3893 est,
2698 3829 2762 3879 ut
2805 3825 2929 3880 vice
2983 3826 3073 3881 sui
3120 3825 3396 3884 Eliszsum
3427 3830 3759 3904 inungeret,

2112 3932 2292 3988 seque
2312 3915 2437 3987 ipse
2457 3914 2517 3969 in
2539 3913 2870 3987 exemplum
2892 3916 2936 3950 ⁶⁶
2953 3916 3024 3970 ad
3043 3916 3272 3974 virtutis
3290 3920 3759 3978 exercitationem

2112 4005 2249 4061 ﬁliis
2280 4004 2701 4077 prophetarum
2732 4003 3048 4060 exhiberet.
3100 4006 3309 4063 Beatus
3357 4024 3490 4066 vero
3543 4011 3763 4067 Paulus

2113 4111 2247 4151 cum
2278 4094 2400 4150 haec
2431 4093 2783 4166 scripsisset,
2817 4094 3011 4162 Quales
3038 4099 3445 4167 persecutiones
3499 4102 3763 4170 sustinui,

2112 4192 2167 4241 et
2194 4200 2264 4241 ea:
2301 4184 2552 4240 omnibus
2579 4185 2783 4255 eripuit
2812 4200 2902 4240 me
2932 4186 3214 4253 Dominus,
3246 4194 3300 4242 et
3337 4189 3533 4259 eripiet
3562 4191 3627 4258 ⁸⁷,
3661 4191 3764 4246 de-

2114 4274 2253 4330 hinc
2284 4274 2472 4346 magis
2496 4272 2759 4339 invaluit,
2796 4272 2919 4329 haec
2953 4274 3151 4330 aiens:
3182 4275 3284 4331 Sed
3312 4278 3371 4331 in
3396 4279 3485 4332 his
3515 4280 3767 4335 omnibus

2114 4380 2478 4437 superamus:
2535 4363 2684 4418 nihil
2742 4364 2892 4418 enim
2948 4379 3048 4420 nos
3104 4366 3389 4437 separabit
3435 4368 3769 4426 acharitate

2120 4456 2328 4511 Christi
2356 4454 2420 4508 ⁸⁸.
2451 4453 2614 4508 Tunc
2644 4452 2800 4508 enim
2849 4453 3133 4525 temporis
3181 4440 3369 4527 usque
3415 4456 3487 4511 ad
3527 4457 3768 4516 tertium

2116 4545 2329 4602 cmlum
2360 4547 2589 4615 raptus,
2626 4547 2682 4597 et
2712 4541 2769 4596 in
2801 4543 3140 4614 paradisum
3169 4542 3420 4613 delatus,
3454 4545 3572 4601 illic
3602 4547 3770 4603 audi-

354 4632 451 4683 τοῦ
507 4632 742 4706 Χριστοῦ
776 4647 787 4659 ·
844 4628 967 4685 τότε
1022 4629 1125 4705 γὰρ
1198 4630 1289 4684 καὶ
1361 4626 1466 4693 ἕως
1523 4631 1709 4708 τρίτου
1777 4630 1987 4707 οὒρανοῑ

2116 4636 2199 4692 vit
2228 4650 2442 4690 arcana
2470 4633 2647 4688 verba
2676 4648 2804 4703 quas
2849 4649 2964 4687 non
3014 4631 3148 4688 licet
3193 4632 3419 4689 homini
3469 4635 3647 4708 loqui.
3677 4636 3769 4692 Id-

354 4718 630 4794 ἡρπάσθη,
688 4718 778 4773 καὶ
841 4718 916 4780 εἷς
972 4718 1064 4773 τὸν
1119 4716 1442 4795 παράδεισον
1501 4720 1823 4798 ἀπηνέχθη,
1884 4720 2007 4779 ἔνθα

354 4807 443 4862 καὶ
502 4806 731 4876 ἤκουσεν
786 4806 996 4884 ἄῤῥητα
1053 4807 1291 4885 ῥήματα,
1350 4807 1381 4863 ἂ
1434 4810 1509 4883 μή
1563 4809 1674 4882 ἐξὸν
1736 4813 2005 4886 ἀνθρώπῳ

2115 4740 2298 4798 eoque
2328 4722 2425 4777 ille
2455 4726 2596 4777 tunc
2628 4725 2890 4776 servatus
2921 4725 3029 4788 est,
3063 4726 3127 4777 ut
3156 4721 3227 4777 ab
3258 4722 3637 4797 Jerosolymis
3670 4743 3769 4783 us-

2117 4832 2229 4889 que
2252 4814 2323 4870 ad
2347 4810 2641 4885 Illyricum
2664 4809 2957 4882 Evangelii
2982 4811 3454 4882 praedicationem
3480 4814 3766 4886 impleret.

363 4894 624 4966 λαλῆσαι.
691 4896 793 4951 Διὰ
857 4901 1017 4953 τοῦτο
1078 4900 1192 4971 (50)
1252 4898 1376 4953 τότε
1437 4898 1797 4978 πεφύλακται,
1867 4900 2006 4959 ὥστε
2044 4903 2149 4959 ἀπὸ
2187 4897 2547 4979 Ἰερουσαλὴμ
2616 4897 2782 4973 μέχρι
2846 4901 2941 4951 τοῦ
3010 4895 3319 4973 Ἰλλυρικοῦ
3374 4897 3669 4975 πληρῶσαι
3704 4902 3767 4958 τὸ

360 4983 611 5061 Εὗαγγὲλ
624 5006 719 5041 ιον.

425 5076 514 5131 21.
569 5074 641 5129 Οὐ
698 5076 949 5150 μεμπτὲα
1004 5074 1144 5150 ἄρα,
1207 5076 1332 5133 οὐδὲ
1386 5078 1526 5155 ἀργὴ
1586 5084 1693 5135 τῶν
1746 5080 1916 5157 ἁγίων
1971 5085 2006 5136 ἦ

361 5164 532 5240 φυγή.
595 5165 641 5219 εξ
702 5166 806 5241 γὰρ
872 5166 946 5239 μὴ
1007 5164 1271 5237 ὲξέκλινον
1329 5168 1457 5232 τοὺς
1518 5166 1837 5240 διώκοντας,
1894 5176 2023 5248 πῶς,

358 5250 567 5329 ἐγίνετο
612 5254 676 5311 τὸ
723 5257 836 5329 (51)
890 5254 949 5310 ἐκ
998 5257 1307 5332 σπέρματος
1378 5253 1543 5315 Δαϐὶδ
1594 5259 1872 5316 ἀνατεῖλαι
1920 5262 2012 5317 τὸν

2192 5086 2282 5140 21.
2301 5083 2685 5154 Nequaquam
2706 5079 3093 5151 vituperanda
3116 5080 3296 5152 igitur
3314 5085 3405 5138 est
3427 5085 3527 5137 aut
3546 5081 3774 5139 inutilis

2125 5178 2462 5232 sanctorum
2496 5170 2670 5243 fuga:
2704 5184 2841 5225 nam
2874 5168 2927 5225 si
2954 5186 2988 5225 a
3026 5171 3501 5241 persecutoribus
3530 5186 3645 5227 non
3676 5171 3775 5228 de-

2125 5263 2466 5329 clinassent,
2500 5258 2793 5332 quomodo
2825 5274 2895 5314 ex
2928 5259 3152 5315 semine
3201 5260 3382 5316 David
3429 5264 3592 5318 ortus
3621 5265 3779 5319 esset

432 5427 477 5461 ⁵⁹
506 5426 723 5501 Genes1
758 5442 915 5501 saxi,
967 5430 1332 5501 et‘xxxn,60
1361 5429 1515 5486 Psal.
1565 5447 1717 5501 κων,
1752 5433 1802 5488 1.
1832 5433 1871 5467 ⁶¹
1907 5436 1982 5489 Ps

2102 5449 2256 5499 xmx,
2288 5433 2341 5487 3.
2402 5431 2447 5466 ⁶²
2479 5427 2631 5485 Psal.
2678 5445 2792 5495 XCI,
2843 5429 2929 5484 12.
2988 5430 3032 5465 ⁸⁸
3063 5428 3215 5488 Psal.
3267 5446 3352 5496 Lv,
3389 5429 3476 5501 11,
3542 5430 3589 5466 ⁶⁴
3617 5429 3772 5490 Psal.

363 5514 471 5566 va,
506 5499 560 5566 4,
593 5500 647 5553 5.
680 5498 725 5533 ⁸⁵
755 5498 829 5553 IV
862 5498 1000 5571 Reg.
1034 5498 1076 5569 Ι,
1110 5500 1196 5555 10.
1232 5500 1276 5537 ⁸⁸
1305 5501 1421 5557 Tit.
1472 5519 1535 5571 II,
1568 5505 1622 5558 7.
1655 5498 1780 5561 ⁸⁷⁷11
1812 5505 1940 5561 Cor.
1973 5522 1987 5561 1

2100 5506 2142 5560 3.
2174 5505 2218 5540 ⁸⁸
2249 5505 2416 5560 Rom.
2448 5518 2571 5572 vm,
2602 5501 2691 5569 35,
2725 5502 2818 5557 37.

433 5667 724 5750 £49)_Iieg_.
756 5672 816 5724 et
838 5665 1411 5750 ῥῃεξηιέπεκαλεῖτο.
1436 5670 1610 5743 Editi,
1632 5677 2017 5750 παρεκαΛεῖτο.

364 5737 799 5815 Infra-Anglic,
833 5738 920 5797 ὑπ’
940 5737 1124 5799 ἆὺτόν.

2225 5674 2317 5742 50)
2345 5670 2594 5742 Anglic.,
2629 5667 2718 5724 διὰ
2745 5672 2906 5742 τοῦτο
2934 5670 3045 5731 καί,

2225 5675 2317 5742 50)
2345 5675 2430 5729 An
2478 5675 2594 5739 lic.,
2629 5675 2718 5724 διὰ
2745 5675 2906 5725 τοῦτο
2934 5691 2944 5725 π

2200 5675 2310 5822 ί51)
2340 5742 2408 5801 Τό
2436 5688 2602 5802 δεεστ
2630 5742 2691 5802 in
2720 5741 2944 5816 Anglic.
