2066 3207
173 208 229 237 671

433 207 466 237 S.
487 205 702 237 ATHANASII
724 205 810 235 OPP.
835 204 934 235 PARS
956 203 1036 234 1.-
1050 203 1255 235 HISTORICA
1279 205 1329 235 ET
1351 204 1592 235 DOGMATICA.

1817 208 1878 238 672

172 274 316 302 Dominus
328 273 341 300 ‘?
353 275 403 301 aut
413 273 534 309 quinam
544 272 754 308 praedicassent
763 271 884 299 verbum
896 269 996 298 verita-

1054 268 1149 307 Κύριον
1164 278 1170 303 ;
1187 270 1204 304 ἢ
1227 268 1297 300 τίνες
1324 268 1442 305 ἔμελλον
1467 268 1690 307 εὐαγγελίζεσθαι
1717 272 1763 298 τὸν
1790 271 1879 310 λόγον

173 319 213 347 tis
223 318 237 346 ?
252 319 454 347 Pcrsecutores
471 317 578 353 quippe
593 324 628 344 ea
643 316 678 344 de
699 324 789 343 causa
803 317 919 343 sanctos
935 323 998 350 per-

174 363 340 400 quirebant,
352 364 385 390 ut
395 361 494 390 nullus
500 363 668 397 superesset
676 361 777 388 doctor
783 360 925 394 veritatis,
935 367 999 394 pro-

172 407 308 436 utJudaai
320 406 459 443 apostolis
471 414 649 442 praecepere:
669 404 720 441 qui
740 406 837 431 tamen
850 403 922 431 nihil
940 412 997 431 non

174 452 329 489 pertulere,
342 453 375 478 ut
385 450 574 486 Evangelium
586 449 804 485 praedicaretur.
816 449 864 475 Ne
875 447 915 475 illi
927 448 996 475 dum

172 497 213 525 ita
229 497 417 528 decertarent,
434 497 551 531 tempus
566 495 641 530 fugae
656 503 716 521 suae
731 493 810 520 haud
826 493 888 521 sine
901 493 997 520 fructu

172 541 398 577 impendebant:
415 548 468 567 nec
483 540 512 567 in
528 539 729 575 persecutione
745 537 845 565 aliens:
862 537 998 565 utilitatis

173 585 266 620 obliti,
283 586 341 613 imo
356 585 425 613 boni
455 584 532 612 verbi
561 583 688 611 ministri
718 591 784 610 cum
808 584 915 615 essent,
932 590 996 609 eam

173 630 311 659 omnibus
325 630 475 665 impertire
491 637 547 656 non
563 628 750 656 abnuebant:
764 627 793 654 in
809 627 875 662 ipsa
889 626 997 662 quippe

173 675 242 711 fuga
257 683 311 702 sua
325 673 516 710 Evangelium
532 672 759 700 annuntiabant.
775 674 906 707 Cumque
921 671 997 698 futu-

172 729 221 748 ros
234 719 441 747 insidiatorum
465 717 547 745 dolos
576 717 774 753 pradicerent,
803 716 875 743 fides
890 715 995 743 nihilo-

173 764 273 792 minus
288 762 529 791 adhorationibus
553 762 616 789 suis
639 761 862 789 confirmabant.
890 762 996 787 Beatus

172 809 280 845 itaque
288 807 394 836 Paulus
408 807 438 835 id
453 806 651 842 experimento
670 814 738 833 cum
763 804 924 837 didicisset,
941 804 996 832 hoc

174 852 380 890 pra-nuntiavit
392 860 398 880 :
416 851 547 886 Quotquot
563 851 657 878 volunt
669 851 716 886 pie
729 851 819 877 vivere
833 850 864 877 in
877 849 995 883 Christo,

170 898 387 934 persecutionem
400 897 544 932 patientur
557 896 597 922 69:
615 895 773 931 statimque
789 902 837 922 eos
853 894 902 929 qui
915 893 994 929 fuge-

1051 317 1103 348 τῆς
1127 313 1277 349 ἀληθείας;
1303 314 1353 341 Καὶ
1377 315 1429 351 γὰρ
1453 313 1498 341 καί
1522 315 1548 341 οἱ
1572 313 1719 347 διώκοντες
1744 315 1789 343 διὰ
1802 320 1884 345 τοῦτο

1054 358 1165 394 ἐζήτουν
1179 358 1242 389 τοὺς
1269 359 1375 396 ἁγίους,
1397 357 1443 386 ’ίνα
1469 358 1541 396 μὴῇ
1567 360 1581 386 ὁ
1608 358 1742 388 διδάσκων
1759 361 1842 389 ὁποῖα
1857 362 1884 389 οἱ

1054 401 1179 430 Ἰουδαῖοι
1208 402 1396 441 παρήγγειλαν
1424 406 1484 434 τοῖς
1516 403 1682 436 ἀποστόλοις
1700 414 1706 421 ·
1738 404 1811 433 ἀλλὰ
1839 405 1884 434 διὰ

1051 450 1132 475 τοῦτο
1155 448 1240 475 πάντα
1266 448 1405 484 ὑπέμενον,
1427 447 1474 475 ’ίνα
1496 448 1527 475 τὸ
1553 448 1721 487 Εὐαγγέλιον
1741 452 1880 488 κηρυχθῇ.

1051 491 1120 520 Ἰδοὺ
1135 495 1200 530 γοῦν
1213 494 1269 529 (52)
1280 493 1324 520 καὶ
1337 492 1424 524 οὕτως
1435 493 1635 530 ἀγωνιζόμενοι
1647 494 1697 521 οὐκ
1707 495 1791 533 ἀργὸν
1803 495 1880 533 εἶχον

1051 537 1096 564 τὸν
1107 541 1157 572 τῆς
1171 541 1259 576 φυγῆς
1280 548 1385 575 καιρον,
1401 536 1463 565 οὐδὲ
1481 536 1645 575 διωκόμενοι
1667 538 1880 568 ἐπελανθάνοντο

1051 585 1101 616 τῆς
1117 581 1213 619 ἐτέρων
1239 580 1384 621 ὡφελείας,
1401 582 1502 619 ἀγαθοῦ
1527 581 1556 610 δὲ
1578 582 1663 620 λόγου
1679 582 1799 611 διάκονοι
1814 595 1880 622 τυγ-

1051 626 1179 664 χάνοντες
1196 626 1245 653 οὐκ
1260 626 1387 665 ἐφθόνουν
1413 626 1476 654 οὐδὲ
1499 627 1600 663 ταύτης
1627 629 1684 665 (53)
1707 628 1881 665 μεταδιδόναι

1049 673 1109 702 τοῖς
1124 674 1215 698 πᾶσιν·
1238 670 1311 698 ἀλλὰ
1332 671 1377 698 καὶ
1397 671 1553 710 φεύγοντες,
1572 673 1604 700 τὸ
1629 672 1799 711 Εὒαγγέλιον
1816 673 1880 710 ἐκή-

1052 725 1158 753 ρυττον,
1183 715 1227 743 καὶ
1242 714 1396 753 προῦλεγον
1424 716 1471 752 μὲν
1492 719 1546 743 τῶν
1572 714 1806 746 ἐπιϐουλευόντων
1829 719 1878 750 τὰς

1050 760 1229 798 πανουργίας,
1241 759 1425 799 ἠσφαλίζοντο
1441 760 1470 788 δὲ
1490 760 1555 792 τοὺς
1577 761 1689 793 πιστοὺς
1707 762 1767 794 ταὶς
1781 773 1880 801 παραι-

1050 805 1161 833 νέσεσιν.
1179 806 1210 833 Ὀ
1228 806 1275 841 μὲν
1292 804 1337 832 οὖν
1365 805 1497 842 μακάριος
1522 805 1642 842 Παῦλος,
1669 806 1751 845 πείρᾳ
1774 808 1878 844 μαθὼν,

1050 848 1191 887 προύλεγε
1217 850 1264 886 μὲν
1295 851 1361 886 (54)·
1391 851 1468 877 ’Ὀσοι
1494 849 1603 877 θέλουσι
1635 853 1683 888 ζῇν
1708 849 1826 883 εὐσεϐῶς
1850 852 1877 880 ἐν

1050 896 1168 932 Χριστῷ,
1186 893 1404 932 διωχθήσονται·
1431 893 1562 934 ἐπήλειφε
1587 893 1616 923 δὲ
1640 895 1717 927 εὐθὺς
1731 896 1795 927 τοὺς
1816 896 1880 934 φεύ-

173 944 239 971 rent
251 941 407 974 allocutus,
422 940 469 968 bis
484 940 578 968 verbis
602 939 742 967 incitabat
754 941 816 967 :Per
829 939 995 975 patientiam

1051 937 1147 986 γοντας
1169 938 1261 966 εἰπών·
1279 939 1317 986 δι’
1341 939 1483 976 ὑπομονῆς
1507 940 1643 977 τρέχομεν
1667 941 1724 978 (55)
1748 941 1794 969 τὸν
1809 952 1878 979 προ-

173 994 319 1015 curramus
340 985 509 1021 propositum
532 984 612 1012 nobis
638 988 776 1011 certamen
798 984 831 1010 7°.
857 984 996 1015 Quamvis

174 1031 252 1059 enim
264 1030 388 1058 assiduae
400 1028 682 1062 sinttribulationes,
694 1030 723 1056 at
737 1028 881 1055 tribulatio
891 1028 997 1064 patien-

174 1077 244 1104 tiam
260 1078 400 1111 operatur,
414 1074 555 1110 patientia
569 1078 661 1101 autem
678 1073 879 1108 probationem,
897 1073 996 1108 proba-

171 1121 210 1148 tio
225 1128 286 1148 vero
297 1127 382 1155 spem,
397 1126 455 1155 spes
469 1122 561 1146 autem
575 1125 631 1145 non
645 1117 787 1152 confundit
802 1117 833 1143 ⁷¹.
851 1116 997 1153 Propheta.

172 1165 244 1193 item
255 1164 346 1192 Isaias
357 1172 423 1191 cum
436 1162 581 1199 ejusmodi
601 1162 782 1190 calamitates
793 1163 996 1197 exspectaren-

170 1211 229 1244 tur,
247 1208 293 1236 his
305 1207 402 1236 verbis
417 1207 476 1235 alta
491 1215 559 1235 voce
572 1206 706 1234 hortatus
731 1208 791 1234 est:
812 1206 890 1239 Vade,
904 1214 995 1242 popu-

171 1255 215 1282 lus
228 1261 315 1286 meus,
332 1254 407 1280 intra
421 1253 451 1280 in
465 1251 594 1280 cubicula
609 1252 665 1285 tua,
681 1250 777 1279 claude
791 1252 889 1278 ostium
902 1252 996 1283 tuum,

171 1297 334 1325 abscondere
347 1296 487 1324 modicum
507 1305 539 1324 ac
561 1297 739 1330 momentum,
755 1295 839 1323 donec
851 1297 995 1331 pertrans-

172 1344 217 1370 eat
224 1342 379 1377 indignatio
388 1342 419 1368 “¹².
428 1340 617 1368 Ecclesiastes
624 1348 691 1367 vero
699 1349 757 1368 non
766 1340 888 1376 ignarus
896 1348 996 1368 earum

175 1396 240 1423 quis
256 1387 396 1414 adversus
425 1386 489 1421 pios
512 1385 592 1412 tendi
620 1384 716 1412 solent
745 1384 931 1417 insidiarum,
948 1384 997 1420 qui

174 1431 236 1459 haec
265 1430 324 1458 ait:
355 1430 385 1458 Si
413 1430 517 1458 videris
545 1430 714 1457 calumniam
738 1430 878 1465 pauperis,
907 1431 933 1457 et
952 1429 996 1457 di-

173 1476 326 1512 reptionem
348 1475 451 1511 judicii
478 1479 503 1502 et
536 1474 658 1510 justitiae
695 1474 724 1501 in
761 1475 915 1507 provincia,
942 1482 998 1501 non

172 1520 283 1548 mireris
310 1527 393 1556 super
420 1519 469 1547 hoc
494 1519 627 1553 negotio:
656 1519 721 1554 quia
744 1519 849 1546 excelso
865 1518 998 1546 excelsior

172 1568 212 1593 est
226 1565 260 1592 ad
274 1564 482 1597 observandum,
498 1565 526 1590 et
540 1564 599 1590 illis
613 1571 716 1598 quoque
730 1563 781 1590 alii
795 1563 996 1596 eminentiores,

172 1612 198 1638 et
213 1609 385 1637 abundantia
405 1611 489 1637 terrm
503 1608 525 1625 ⁷³
539 1617 546 1641 ;
573 1610 684 1644 patrem
715 1607 816 1635 habuit
841 1607 927 1634 David
943 1607 993 1643 qui

174 1653 408 1690 persecutionum
425 1661 571 1680 aerumnas
586 1652 783 1688 experimento
799 1651 948 1687 didicerat,
966 1654 994 1680 et

174 1699 224 1735 qui
247 1698 372 1726 afﬂictos
397 1697 443 1725 bis
471 1696 569 1725 verbis
597 1696 755 1724 confortat:
775 1696 898 1724 Viriliter
912 1698 994 1732 agite,

173 1746 199 1771 ei
214 1744 380 1778 confortatur
402 1750 448 1769 cor
473 1742 606 1774 vestrum,
636 1748 729 1769 omnes
757 1742 805 1777 qui
828 1742 946 1777 speratis
965 1742 996 1769 in

174 1788 288 1816 Domino
302 1788 333 1814 7‘.
350 1787 422 1814 Nam
436 1795 484 1814 eos
501 1786 550 1821 qui
567 1785 635 1813 talia
650 1786 814 1821 patiuntur,
827 1794 883 1813 non
896 1786 994 1820 homo,

173 1832 223 1860 sed
253 1832 316 1868 ipse
355 1831 499 1864 Dominus,
541 1830 646 1866 inquit,
690 1830 831 1866 adjuvabit
864 1833 891 1858 et
918 1831 996 1858 264

175 1877 304 1905 liberabit
319 1884 372 1909 eos,
399 1876 462 1911 quia
490 1877 671 1908 speraverant
698 1883 728 1902 ιη
757 1883 820 1903 eum
834 1875 866 1902 ⁷⁵.
883 1875 995 1903 Etenim

173 1924 202 1949 et
216 1929 268 1958 ego
296 1923 454 1956 exspectans
481 1921 635 1956 exspectavi
662 1920 822 1954 Dominum,
838 1924 864 1947 et
878 1920 997 1948 intendit

171 1966 260 1994 mihi:
276 1968 301 1994 et
315 1965 457 1993 exaudivit
484 1964 701 2000 deprecationem
728 1973 826 1997 meam,
857 1966 883 1992 et
902 1964 997 1992 eduxit

173 2018 217 2038 me
232 2010 265 2038 de
280 2011 343 2038 lacu
369 2010 475 2044 inﬁmo,
504 2011 530 2036 et
553 2008 586 2036 de
614 2009 670 2036 luto
693 2009 769 2043 faecis
783 2009 814 2036 7°.
829 2008 913 2036 Utilis
928 2017 995 2045 ergo

173 2054 290 2090 populis
302 2062 354 2081 nec
364 2052 546 2081 infructuosa
557 2055 725 2080 sanctorum
744 2053 814 2089 fuga
823 2053 995 2089 comproba-

173 2102 233 2133 tur,
250 2097 365 2125 etiamsi
380 2106 464 2125 secus
479 2097 595 2125 Arianis
608 2096 750 2125 videatur.

207 2144 252 2171 22.
265 2143 313 2171 Sic
325 2142 415 2178 igitur
425 2142 529 2175 sancti,
543 2144 575 2169 ut
585 2141 695 2170 dictum
706 2144 759 2176 est,
772 2151 838 2170 cum
850 2143 995 2179 fugerent,

173 2187 302 2216 maxima
316 2186 499 2223 providentia
514 2188 543 2214 et
557 2194 636 2221 cura,
654 2186 738 2222 quasi
758 2188 863 2215 medici
878 2188 908 2215 in
924 2197 996 2217 usus

172 2232 370 2269 indigentium
382 2231 582 2260 servabantur.
593 2231 666 2259 Aliis
674 2233 770 2259 autem
777 2234 806 2259 et
812 2232 899 2268 plane
905 2234 998 2261 omni-

172 2278 228 2305 bus
245 2276 328 2305 nobis
356 2276 526 2304 hominibus
539 2276 599 2304 haec
615 2276 709 2312 posita
724 2275 770 2304 lex
784 2279 837 2310 est,
855 2279 888 2305 ut
901 2277 994 2314 fugia-

1049 982 1173 1020 κείμενον
1190 984 1257 1019 ἡμῖν
1282 983 1381 1020 ἀγῶνα.
1408 983 1459 1011 Κᾶν
1483 984 1535 1022 γὰρ
1560 984 1588 1011 αἱ
1611 983 1720 1021 θλίψεις
1744 986 1796 1012 ὦσι
1818 995 1877 1013 συν-

1050 1031 1146 1066 εχεῖς,
1174 1026 1238 1055 ἀλλ’
1263 1029 1280 1062 ἡ
1316 1027 1409 1065 θλίψις
1440 1028 1579 1065 ὑπομονὴν
1609 1030 1828 1067 κατεργάζεται,
1857 1032 1876 1066 ἡ

1051 1071 1079 1100 δὲ
1109 1073 1234 1109 ὑπομονή
1263 1071 1397 1109 δοκιμὴν,
1427 1074 1444 1107 ἡ
1475 1072 1504 1100 δὲ
1533 1071 1634 1110 δοκιμὴ
1665 1072 1774 1108 ἐλπίδα,
1800 1075 1818 1109 ἡ
1848 1073 1878 1103 δὲ

1052 1117 1131 1148 ἐλπὶς
1159 1117 1189 1144 οὐ
1215 1116 1390 1154 καταισχύνει
1496 1120 1524 1144 ‘0
1548 1116 1577 1145 δὲ
1592 1120 1739 1157 προφήτης
1753 1119 1875 1155 Ἡσαὶας,

1049 1160 1281 1199 προσδοκωμένης
1319 1161 1449 1197 τοιαύτης
1487 1163 1671 1200 περιστάσεως
1698 1185 1704 1198 ,
1732 1163 1847 1201 ὑπανεμί
1864 1180 1877 1186 -

1052 1217 1153 1244 μνησκε
1174 1206 1219 1234 καὶ
1236 1203 1314 1233 ἐϐόα·
1340 1205 1446 1243 Βάδιζε,
1471 1205 1537 1238 λαός
1567 1218 1629 1244 patr
1655 1206 1758 1236 εἴσελθε
1781 1208 1820 1240 εἷς
1843 1210 1877 1236 τὰ

1048 1252 1149 1289 ταμεῖά
1176 1262 1243 1284 σου,
1274 1249 1435 1278 ἀπόκλεισον
1465 1252 1515 1286 τὴν
1545 1252 1626 1290 θύραν
1656 1263 1703 1280 σου
1721 1276 1729 1287 ,
1757 1252 1877 1292 ἀποκρύ-

1051 1294 1114 1331 ϐηθι
1146 1296 1241 1333 μικρὸν
1270 1295 1331 1323 ὅσον
1362 1295 1436 1331 ὅσον,
1464 1294 1518 1327 ἕως
1546 1296 1576 1323 ἃν
1603 1296 1724 1334 παρέλθῃ
1747 1298 1765 1332 ἡ
1794 1297 1876 1336 ὀργή.

1051 1341 1079 1367 Ὁ
1106 1339 1135 1367 δέ
1159 1339 1375 1375 Ἐκκλησιαστής
1398 1338 1478 1371 εἰδὼς
1502 1341 1550 1371 τὰς
1573 1342 1641 1368 κατὰ
1663 1343 1717 1368 τῶν
1742 1339 1876 1369 θεοσεϐῶν

1051 1383 1199 1416 ἐπιϐουλὰς
1216 1408 1223 1421 ,
1252 1384 1296 1411 καὶ
1335 1383 1424 1421 λὲγων
1442 1394 1449 1400 ·
1478 1385 1539 1412 Ἐὰν
1577 1385 1754 1423 συκοφαντίαν
1792 1386 1876 1420 πένη-

1049 1440 1114 1465 τος,
1144 1429 1189 1457 καὶ
1227 1429 1351 1466 ἁρπαγὴν
1381 1429 1514 1467 κρίματος
1541 1429 1585 1455 καὶ
1612 1427 1787 1464 δικαιοσύνης
1817 1429 1876 1467 ἴδῃς

1051 1473 1078 1501 ἐν
1169 1474 1260 1512 χώρᾳ,
1293 1474 1330 1510 μὴ
1360 1472 1546 1511 θαυμάηςιέν
1574 1475 1613 1508 τῷ
1640 1473 1802 1511 πράγματι,
1831 1474 1875 1501 ὅτι

1052 1517 1158 1556 ὑψηλὸς
1186 1518 1276 1545 ἐπάνω
1306 1517 1414 1555 ὑψηλοῦ
1443 1517 1558 1556 φυλάξαι
1575 1540 1582 1552 ,
1611 1518 1656 1545 καὶ
1691 1516 1794 1554 ὑψηλοὶ
1832 1518 1873 1546 ἐπ’

1051 1564 1146 1599 αὐτῆς,
1163 1563 1207 1590 καὶ
1223 1563 1362 1599 περισσεία
1376 1566 1439 1599 γῆς·
1466 1562 1524 1599 εἶχε
1546 1562 1592 1589 τὸν
1615 1563 1671 1598 (57)
1695 1563 1797 1598 πατέρα
1812 1562 1873 1589 ἐαυ-

1048 1610 1096 1635 τοῦ
1119 1608 1164 1635 τὸν
1190 1606 1284 1641 Δαϐὶδ,
1308 1607 1389 1642 πείρᾳ
1409 1606 1454 1634 καὶ
1479 1606 1558 1633 αὐτὸν
1590 1606 1708 1643 μαθόντα
1726 1607 1761 1633 τὰ
1776 1606 1802 1634 ἐν
1816 1609 1875 1638 τοῖς

1049 1651 1195 1690 διωγμοῖς,
1218 1652 1263 1679 καὶ
1286 1650 1502 1690 ἀσφαλιζόμενον
1525 1650 1588 1681 τοὺς
1614 1650 1771 1688 πάσχοντας
1796 1650 1822 1678 ἐν
1838 1653 1877 1686 τῷ

1049 1696 1139 1735 λέγειν
1162 1707 1168 1713 ⁸
1198 1695 1369 1734 Ἀνδρίζεσθε
1387 1719 1393 1730 ,
1422 1695 1467 1722 καὶ
1500 1695 1686 1732 κραταιούσθω
1723 1697 1740 1730 ἡ
1780 1694 1878 1733 καρδία

1051 1743 1139 1778 ὑμῶν,
1167 1742 1264 1772 πάντες
1295 1742 1321 1768 οἱ
1346 1739 1502 1775 ἐλπίζοντες
1532 1739 1575 1767 ἐπὶ
1599 1739 1708 1777 Κύριον
1737 1742 1797 1771 τοῖς
1824 1740 1876 1777 γὰρ

1050 1787 1137 1817 οὕτως
1155 1786 1333 1822 ὑπομένουσιν
1360 1785 1409 1813 οὐκ
1432 1784 1585 1820 ἅνθρωπος,
1609 1783 1672 1811 ἀλλ⁶
1687 1784 1778 1817 αὐτὸς,
1798 1785 1876 1824 φησὶ,

1050 1832 1148 1870 Κύριος
1189 1832 1346 1869 βοηθήσει,
1374 1830 1420 1857 καὶ
1459 1830 1566 1868 ῥύσεται
1596 1829 1693 1861 αὐτοὺς
1712 1853 1718 1865 ,
1749 1829 1791 1857 ὅτι
1819 1831 1877 1866 (58)

1049 1875 1168 1911 ἤλπισαν
1199 1875 1240 1903 ἐπ’
1267 1875 1358 1903 αὐτόν.
1386 1875 1435 1902 Καὶ
1468 1875 1520 1912 γάρ
1553 1874 1630 1912 κάγὼ
1657 1874 1798 1910 ὑπομένων
1830 1874 1879 1901 ὑπ-

1051 1922 1144 1957 ἐμεινα
1170 1921 1216 1948 τὸν
1246 1920 1342 1956 Κύριον
1359 1942 1365 1954 ,
1393 1919 1438 1946 καὶ
1467 1918 1603 1957 προσέσχε
1639 1929 1685 1955 μοι
1712 1942 1719 1954 ,
1752 1919 1797 1946 καὶ
1827 1918 1878 1946 εἷσ-

1050 1966 1151 2001 ήκουσε
1172 1968 1223 2000 τῆς
1253 1963 1371 2000 δεήσεώς
1400 1974 1462 2001 μου,
1491 1963 1536 1991 καὶ
1562 1963 1683 2001 ἀνήγαγέ
1707 1973 1741 2000 με
1766 1963 1796 1990 ἐκ
1810 1962 1878 1990 λάκ-

1049 2021 1099 2038 κου
1128 2010 1285 2037 κατωτάτου
1311 2009 1356 2036 καὶ
1385 2009 1438 2036 ἀπὸ
1466 2007 1559 2044 πηλοῦ
1595 2007 1673 2035 ἰλύος
1691 2030 1697 2036 .
1727 2007 1877 2047 Ὠφέλιμος

1051 2054 1102 2092 ἄρα
1115 2057 1175 2086 τοῖς
1191 2053 1269 2086 λαοῖς
1293 2054 1338 2081 καὶ
1364 2054 1413 2081 οὐκ
1436 2051 1556 2090 ἄκαρπος
1572 2054 1589 2087 ἡ
1615 2053 1688 2091 φυγὴ
1711 2055 1765 2080 τῶν
1789 2052 1877 2090 ἁγίων

1050 2098 1195 2135 δείκνυται,
1210 2098 1259 2126 κᾶν
1274 2100 1332 2129 τοῖς
1349 2099 1499 2135 Ἀρειανοῖς
1517 2097 1554 2134 μή
1572 2095 1649 2134 δοκῇ.

1086 2146 1130 2172 22.
1147 2143 1224 2171 Οὕτω
1242 2143 1288 2180 μὲν
1303 2142 1348 2170 οὖν
1371 2143 1397 2170 οἱ
1421 2143 1505 2180 ἅγιοι,
1530 2142 1648 2180 καθάπερ
1671 2141 1788 2180 εἴρηται,
1813 2141 1878 2181 φεύ-

1050 2199 1154 2227 γοντες,
1183 2188 1251 2216 κατὰ
1278 2188 1402 2225 περιττὸν
1431 2187 1476 2214 καὶ
1506 2186 1540 2214 δι’
1569 2186 1727 2223 οῗκονομίαν
1763 2185 1879 2225 ἐφυλάτ-

1049 2233 1234 2270 τοντο,ὥσπερ
1252 2232 1339 2270 ἰατροὶ
1350 2234 1404 2259 τῶν
1416 2230 1552 2268 δεομένων
1565 2231 1656 2270 χάριν.
1667 2233 1729 2262 Τοῖς
1743 2229 1766 2258 δ’
1777 2230 1879 2263 ἄλλοις

1050 2278 1095 2306 καὶ
1109 2281 1188 2305 πᾶσιν
1214 2276 1310 2308 ἁπλῶς
1333 2278 1401 2314 ἡμῖν
1425 2279 1484 2307 τοῖς
1509 2276 1660 2313 ἀνθρώποις
1684 2275 1769 2312 νόμος
1786 2275 1879 2309 οὗτος⁹

173 2330 240 2350 mns
256 2324 465 2358 persecutores,
478 2329 591 2357 nosque
601 2321 782 2349 occultemus
794 2322 864 2349 dum
873 2322 996 2358 inquiri-

1052 2323 1159 2363 φεύγειν
1187 2321 1374 2359 διωκομένους
1402 2321 1447 2349 καὶ
1479 2320 1642 2358 κρύπτεσθαι
1681 2320 1877 2357 ζητουμένους-

173 2374 250 2399 mur,
267 2374 362 2402 neque
377 2366 417 2393 ita
437 2366 599 2402 pracipites
624 2368 652 2393 et
670 2366 818 2394 temerarii
842 2367 947 2403 simus,
965 2370 997 2396 ut

172 2413 319 2439 tentcmus
344 2410 519 2438 Dominum:
545 2411 596 2438 sed
623 2412 835 2446 exspectemus,
861 2416 893 2440 ut
907 2421 997 2448 supra

171 2456 241 2490 dixi,
257 2456 348 2483 donec
363 2455 517 2483 deﬁnitum
533 2455 635 2483 mortis
651 2457 767 2491 tempus
783 2456 933 2485 adveniat:
946 2460 997 2485 aut

168 2501 261 2536 judex
275 2500 339 2536 ipse
352 2500 381 2527 id
398 2500 433 2528 de
447 2499 507 2527 illis
522 2501 634 2528 statuat
650 2501 727 2536 quod
750 2501 806 2528 sibi
821 2501 916 2529 visum
933 2502 995 2530 fue-

1050 2368 1150 2405 καὶμὴ
1175 2366 1384 2404 προπετεύεσθαι
1412 2365 1459 2403 μὲν
1485 2365 1511 2393 ἐν
1536 2367 1575 2401 τῷ
1596 2364 1732 2403 πειράζειν
1757 2364 1804 2393 τὸν
1823 2364 1879 2392 Κύ-

1051 2423 1121 2450 ριον,
1137 2411 1290 2449 περιμένειν
1317 2410 1345 2438 δὲ
1368 2410 1476 2446 αὐτοὺς,
1501 2410 1569 2437 καθά
1583 2411 1728 2447 προεῖπον,
1747 2407 1801 2439 ἕως
1817 2408 1848 2435 ἃν
1865 2409 1879 2436 ὁ

1051 2457 1202 2495 ὡρισμένος
1215 2458 1264 2484 τοῦ
1288 2456 1403 2483 θανάτου
1427 2454 1528 2493 χρόνος
1554 2453 1628 2491 ἔλθῃ,
1653 2452 1671 2488 ἤ
1697 2454 1711 2481 ὁ
1736 2453 1834 2491 κριτής
1851 2464 1878 2480 τι

1050 2501 1112 2540 περὶ
1128 2502 1215 2529 αὑτῶν
1240 2499 1433 2539 βουλεύσηται,
1459 2499 1524 2537 ὅπερ
1547 2498 1577 2526 ἂν
1602 2498 1675 2533 αὑτῷ
1698 2497 1761 2535 δόξῃ
1784 2496 1881 2528 καλῶς

206 2589 229 2629 ﬁ
244 2589 273 2629 II_
284 2589 361 2617 Tim.
376 2590 486 2629 1n,__12._
514 2590 536 2629 ἶ)
553 2590 623 2629 Heb.
648 2591 751 2629 λίπῃ-1.
785 2592 806 2609 ⁷¹
823 2591 907 2620 Rom.
923 2601 950 2628 v,
966 2594 993 2621 4.

1051 2596 1108 2622 Isa.
1133 2602 1191 2629 xvr,
1215 2593 1261 2620 20.
1295 2592 1318 2610 73
1345 2591 1439 2619 Eccle.
1464 2599 1492 2625 ν,
1516 2591 1543 2618 7.
1579 2589 1602 2607 ⁷⁸
1625 2588 1702 2617 Psal.
1727 2596 1805 2622 xxxr,
1829 2588 1880 2616 24.

172 2625 194 2644 ⁷⁵
210 2625 286 2653 Psal.
302 2633 398 2661 xxx",
415 2625 460 2653 40.
476 2626 499 2647 ⁷⁸
516 2626 594 2654 Psal.
610 2635 655 2662 XL,
672 2627 730 2655 1-3.

207 2723 265 2758 (52)
281 2722 364 2759 Reg,
377 2723 454 2759 γοῦν.
470 2723 556 2759 Editi,
575 2733 631 2751 ουν.

208 2756 265 2830 (53)
280 2756 338 2785 Otii
349 2756 463 2797 ἐφόϐουν
481 2757 543 2785 οὑδὲ
556 2758 664 2796 τούτου,
680 2760 792 2797 Anglic.

208 2795 253 2828 (54
279 2795 404 2830 Anglic.,
421 2795 474 2821 ποῦ
489 2793 576 2830 λέγει.
597 2796 675 2824 Infra
690 2796 772 2830 Begu,
788 2796 792 2822 ἑ

205 2793 265 2836 (54)
279 2793 404 2858 Anglic”
421 2795 474 2821 ποῦ
489 2793 576 2832 λέγει.
597 2793 675 2824 Infra
690 2793 772 2833 Reygu
788 2794 930 2836 ἐπείληφε.
941 2798 998 2825 An-

173 2829 252 2867 εῙιοπ,
267 2829 322 2865 ἀπή
347 2840 414 2861 sine.
588 2855 591 2858 .

209 2866 267 2905 (55)
281 2868 387 2896 Textus
400 2867 516 2896 Gratius
531 2867 649 2906 Seript.,
663 2868 818 2907 τρέχωμεν,

1087 2725 1280 2761 (56)Anglic.,
1303 2724 1353 2752 οὑκ
1378 2722 1514 2761 αἷσχύοει.
1539 2723 1618 2751 Infra
1643 2721 1712 2758 Reg.
1738 2723 1768 2750 et
1780 2720 1884 2757 Angl.,

1052 2761 1262 2797 ὑπεμίμνησκε..

1087 2794 1144 2834 (57)
1161 2798 1284 2834 Anglic,,
1307 2795 1432 2834 εἷχε-γὰρ
1446 2794 1503 2834 τόν.

1087 2801 1132 2831 (57
1161 2801 1284 2833 Anglic,,
1307 2801 1366 2834 εἱχε
1379 2801 1432 2833 γάρ
1446 2801 1503 2822 τόν.

1087 2801 1144 2870 (ssi
1160 2833 1286 2870 Anglic.,
1303 2831 1401 2864 αὐτοὺς
1415 2830 1460 2860 καὶ
1481 2830 1561 2859 σώσει
1577 2828 1684 2865 αὑτοὺς,
1700 2827 1752 2857 ὅτι.
