4132 6388
342 284 461 348 6‘13

1533 286 1925 350 APOLOGIA
1970 287 2072 347 DE
2118 289 2324 350 FUGA
2368 289 2548 351 SUA.

3626 298 3751 358 674

345 413 515 495 ἔχειν·
549 417 681 474 εἶναι
716 419 899 491 μέντοι
928 418 1156 480 τούτους
1188 420 1301 491 (59)
1344 415 1620 491 ἑτοίμους,
1665 417 1822 487 ὥστε,
1870 438 1987 472 και-

2120 420 2179 474 rit
2212 438 2224 476 :
2259 422 2494 493 sintque
2525 422 2803 493 parati,ut
2832 430 3071 480 vocante
3092 439 3192 481 eos
3215 428 3431 482 statuto
3461 431 3749 501 tempore,

344 513 441 583 ροῦ
499 505 844 579 καλέσαντος,
886 506 977 563 καὶ
1029 508 1391 581 κρατηθέντας
1449 506 1801 583 ἀγωνίζεσθαι
1859 506 1992 581 ὑπὲρ

340 603 442 666 τῆς
474 594 734 666 ἀληθείας
768 597 934 673 μέχρι
982 598 1231 653 θανάτου.
1278 602 1454 651 Ταῦτα
1502 597 1594 651 καὶ
1642 597 1694 650 οἱ
1739 596 1995 669 μακάριοι

345 687 613 760 μάρτυρες
644 685 694 740 ἐν
744 691 861 748 τοῖς
909 687 1044 741 κατά
1072 685 1293 762 καιροὺς
1349 683 1619 761 διωγμοῖς
1672 683 1992 760 ἐφύλαττον,

342 774 433 830 καὶ
484 772 811 848 διωκόμενοι
874 776 967 849 μὲν
1024 774 1273 853 ἔφευγον,
1329 775 1420 829 καὶ
1480 773 1830 836 λανθάνοντες
1880 774 1992 848 (60)

345 861 685 940 ἐκαρτέρουν,
738 864 1109 939 εὑρισκόμενοι
1170 862 1227 919 δὲ
1275 863 1633 939 ἐμαρτύρουν.
1693 863 1758 917 Εἰ
1808 860 1866 917 δὲ
1904 862 1993 917 καί

341 973 486 1016 τινες
545 952 597 1023 ἐξ
650 953 823 1009 αὐτῶν
874 956 1058 1016 αὐτοῖς
1104 955 1489 1029 προσήρχοντο
1543 958 1662 1015 τοῖς
1714 950 1992 1026 διώκουσι,

344 1041 434 1097 καὶ
465 1046 627 1097 τοῦτο
669 1042 775 1118 οὐχ
817 1042 1007 1105 ἀπλῶς
1059 1039 1337 1118 ἔπραττονυ
1388 1040 1724 1119 ἐμαρτύρουν
1773 1043 1876 1117 γὰρ
1910 1041 1994 1096 εύ-

344 1130 459 1201 θὺς,
494 1131 583 1186 καὶ
614 1137 771 1186 πᾶσιν
824 1130 1030 1207 έγίνετο
1085 1132 1333 1209 φανερὸν,
1384 1131 1467 1187 ὅτι
1515 1133 1661 1205 παρά
1700 1135 1796 1185 τοῦ
1828 1129 1995 1186 ΙΙνεύ-

350 1242 516 1295 ματος
547 1221 614 1290 ἧν
644 1221 733 1276 καὶ
767 1220 940 1276 αὐτῶν
968 1224 1003 1291 ἡ
1054 1219 1333 1298 προθυμία
1360 1220 1450 1276 καὶ
1480 1224 1515 1291 ἡ
1554 1219 1787 1290 τοσαύτη
1829 1220 1995 1295 πρόσ-

346 1308 493 1373 οδος.

415 1402 507 1457 23.
541 1400 744 1456 Οὐκοῦν
791 1399 872 1455 δτι
924 1401 1037 1474 (61)
1082 1405 1307 1456 τοιαῦτα
1351 1404 1449 1455 τοῦ
1498 1399 1759 1475 Σωτῆρός
1791 1398 1998 1453 ἐστιτὰ

343 1488 817 1565 παραγγέλματα,
866 1489 955 1544 καὶ
1003 1494 1246 1544 τοιαῦται
1286 1493 1395 1544 τῶν
1430 1488 1598 1564 ἁγίων
1650 1489 1704 1543 αἱ
1753 1488 1996 1561 πράξεις,

347 1579 643 1635 εἰπάτωσαν
674 1580 810 1653 ἡμῖν
844 1580 896 1635 οἱ
931 1577 1057 1652 μηδ’
1088 1580 1267 1633 ὁτιοῦν
1300 1576 1359 1633 ἄν
1389 1599 1471 1640 τις
1519 1575 1661 1632 εἷδποι
1691 1583 1806 1631 κατ’
1848 1574 1996 1646 ἀξίαν

346 1668 546 1723 ἑαυτῶν
596 1668 710 1741 (62)
755 1666 1062 1737 ἀκούοντες,
1109 1668 1268 1722 πόθεν
1321 1664 1517 1740 ἔμαθον
1564 1664 1716 1720 αὐτοὶ
1762 1666 1825 1720 τὸ
1875 1662 1999 1719 διώ-

2105 509 2552 580 apprehensi,ad
2580 528 2766 583 usque
2786 517 3032 568 mortem
3059 512 3351 569 decertant
3367 531 3467 587 pro
3484 517 3745 573 veritate.

2105 598 2234 652 Haec
2265 598 2648 655 observarunt
2666 601 2818 656 beati
2850 606 3135 674 martyres
3155 602 3215 657 in
3246 604 3749 674 persecutionibus

2106 702 2234 757 quae
2282 687 2406 742 suis
2458 705 2759 745 occurrere
2803 691 3205 762 temporibus;
3238 691 3299 746 in
3347 693 3748 765 persecutione

2106 775 2327 831 scilicet
2360 778 2556 849 iugere
2586 777 2870 847 solebant,
2898 779 2958 834 in
2990 780 3351 852 latebrisque
3384 798 3746 854 permanere,

2105 864 2452 935 deprehensi
2482 870 2678 922 autem
2710 869 3052 939 martyrium
3085 870 3310 925 fortiter
3338 870 3554 926 subire.
3587 872 3750 935 Quod

2106 953 2155 1008 si
2185 970 2254 1008 ex
2281 952 2398 1009 illis
2445 955 2686 1025 quidam
2735 958 3208 1027 persecutoribus
3260 975 3388 1015 sese
3438 960 3747 1029 offerrent;

2105 1058 2222 1097 non
2254 1048 2471 1098 temere
2502 1043 2646 1100 illud
2680 1046 2929 1118 agebant
2961 1065 2973 1101 :
3006 1048 3353 1120 martyrium
3386 1049 3602 1121 quippe
3632 1053 3749 1106 sta-

2104 1130 2211 1186 tim
2242 1133 2632 1203 perferebant,
2663 1134 2976 1207 palamque
3015 1136 3287 1194 omnibus
3317 1142 3439 1193 erat
3468 1155 3595 1194 eam
3628 1139 3749 1195 ala-

2105 1221 2368 1276 critatem
2399 1238 2650 1294 eumque
2683 1224 2753 1278 ad
2782 1230 3180 1295 persecutores
3229 1244 3530 1284 accessum
3564 1227 3752 1301 Spiri-

2103 1314 2231 1366 tum
2265 1315 2533 1366 sanctum
2566 1316 2864 1368 auctorem
2894 1314 3123 1371 habere.

2176 1400 2267 1454 23.
2301 1401 2430 1455 Haec
2479 1401 2675 1473 itaque
2725 1418 2858 1457 cum
2909 1403 3031 1459 sint
3074 1404 3387 1462 Salvatoris
3439 1410 3747 1479 praecepta,

2107 1489 2570 1562 hujusmodique
2599 1496 2941 1548 sanctorum
2990 1498 3191 1565 gesta;
3225 1495 3422 1551 dicant
3467 1496 3612 1552 mihi
3641 1495 3748 1567 illi,

2108 1594 2256 1649 quos
2287 1578 2462 1651 digne
2492 1596 2594 1650 pro
2638 1581 2806 1637 factis
2835 1582 3184 1653 compellare
3211 1584 3548 1655 nequimus,
3575 1585 3755 1641 unde-

2108 1685 2245 1723 nam
2267 1668 2379 1740 ipsi
2401 1668 2710 1724 didicerint
2722 1671 3157 1741 persecutiones
3173 1687 3420 1728 movere.
3444 1672 3589 1729 Illud
3613 1690 3755 1730 sane

346 1775 498 1825 κειν;
531 1757 666 1813 Ἀπὸ
700 1756 794 1830 μὲν
844 1758 948 1832 γὰρ
976 1761 1085 1812 τῶν
1133 1758 1324 1831 ἁγίων,
1376 1755 1476 1810 οὐκ
1524 1754 1582 1809 ἂν
1635 1753 1862 1825 εἷ’ποιεν,
1893 1754 1998 1809 ἀπὸ

2120 1773 2478 1829 nequaquam
2511 1760 2732 1815 sanctis
2760 1764 3066 1832 acceptum
3117 1762 3408 1829 referent;
3437 1767 3617 1819 restat
3644 1764 3753 1835 igi-

348 1843 405 1900 δὲ
432 1850 529 1901 τοῦ
562 1840 823 1901 διαϐόλου
855 1848 1037 1920 (τοῦτο
1067 1846 1171 1920 γὰρ
1214 1845 1398 1907 αὐτοῖς
1436 1843 1806 1919 περιλείπεται
1842 1846 1998 1917 [63],)

342 1938 441 1989 τοῦ
496 1932 754 2009 λέγοντος
791 1955 802 1968 ³
866 1934 1071 2004 Διώξας
1141 1931 1533 2007 καταλήψομαι
1567 1955 1579 1967 ·
1637 1933 1727 1988 καὶ
1781 1933 1843 1987 τὸ
1905 1934 1999 2006 μὲν

2108 1849 2204 1900 tur
2234 1850 2300 1901 ut
2328 1864 2361 1901 a
2389 1846 2620 1903 diabolo
2647 1847 2792 1903 illud
2822 1850 3169 1921 acceperint,
3195 1851 3295 1922 qui
3327 1851 3428 1917 ait,
3454 1867 3755 1924 persequar

2106 1943 2157 1991 et
2184 1936 2644 2007 comprehendam
2672 1938 2715 1971 ⁷⁷
2746 1955 2759 1993 :
2794 1938 2992 2010 fugere
3021 1939 3314 2010 siquidem
3355 1942 3638 1997 Dominus
3668 1942 3757 1997 in-

345 2023 560 2101 φεύγειν
596 2024 621 2078 ὃ
652 2025 848 2099 Κύριος
897 2022 1209 2095 προσέταξε,
1258 2023 1348 2077 καὶ
1399 2024 1450 2077 οἱ
1480 2024 1627 2098 ἅγιοι
1673 2021 1892 2101 ἔφυγον·
1935 2022 1998 2077 τὸ

2120 2024 2322 2093 iunxit,
2349 2029 2407 2080 et
2439 2026 2620 2080 sancti
2655 2026 2768 2098 ipsi
2799 2027 2940 2098 fuga
2968 2043 3032 2083 se
3063 2028 3401 2101 proripuere
3435 2046 3448 2084 :
3481 2031 3756 2102 persequi

348 2110 405 2168 δὲ
461 2109 676 2167 διώκειν
738 2107 1053 2167 διαϐολικόν
1104 2110 1244 2166 ἐστιν
1306 2110 1665 2187 ἐπιχείρημα,
1723 2112 1813 2166 καὶ
1864 2112 2000 2165 κατά

343 2203 559 2258 πάντων
592 2200 753 2263 αὐτὸς
784 2200 1009 2255 αἰτεῖται
1038 2205 1221 2258 τοῦτο.
1267 2200 1383 2255 Τίνι
1424 2200 1606 2256 τοίνυν
1640 2198 1721 2256 δεῖ
1761 2201 1996 2275 προσθέ-

352 2293 491 2363 σθαι,
523 2288 687 2345 πάλιν
734 2288 1064 2365 λεγέτωσαν,
1110 2295 1227 2352 τοῖς
1273 2294 1371 2345 τοῦ
1426 2290 1626 2366 Κυρίου
1677 2289 1932 2367 ῥήμασιν,
1960 2290 1996 2359 ἢ

344 2386 464 2444 ταῖς
494 2378 669 2436 αὐτῶν
723 2377 1080 2454 μυθολογίαις
1114 2398 1127 2449 ;
1159 2378 1329 2433 Τίνων
1380 2376 1438 2433 δὲ
1487 2376 1569 2434 δεῖ
1596 2380 1876 2453 μιμεῖσθαι
1902 2379 2000 2441 τὰς

347 2470 613 2546 πράξεις;
663 2472 771 2524 τῶν
822 2466 1016 2543 ἁγίων,
1062 2467 1097 2537 ἢ
1148 2468 1220 2523 ὧν
1271 2466 1330 2522 ἂν
1384 2467 1742 2539 ἐπινοήσωσιν
1797 2466 1997 2535 aurci;

350 2555 569 2627 Ἐπειδὴ
625 2555 685 2613 δὲ
732 2554 863 2619 ἴσως
914 2554 1039 2612 οὐδὲ
1084 2561 1252 2612 ταῦτα
1298 2554 1584 2633 διακρίνειν
1624 2556 1777 2612 αὐτοὶ
1810 2554 1999 2611 δύναν-

346 2668 437 2704 ται
468 2648 845 2722 (πεπήρωνται
896 2648 1001 2723 γὰρ
1047 2647 1147 2715 τὴν
1198 2643 1434 2702 διάνοιαν
1486 2646 1577 2701 καὶ
1623 2648 1721 2716 τήν
1755 2643 2001 2715 συνείδη-

354 2759 459 2811 σιν,
520 2737 596 2800 ὡς
646 2735 789 2791 εἶπεν
841 2738 870 2790 ὁ
914 2732 1156 2806 Ἡσαΐας,
1214 2735 1305 2791 καὶ
1352 2735 1640 2809 νομίζουσι
1701 2736 1764 2790 τὸ
1809 2734 2001 2809 πικρὸν

355 2826 488 2881 εἶναι
537 2824 736 2901 γλυκὺ,
793 2826 883 2879 καὶ
925 2825 988 2879 τὸ
1037 2829 1150 2901 φῶς
1201 2824 1435 2898 σκότος),
1493 2822 1779 2901 παρελθών
1827 2846 1909 2887 τις
1954 2823 2005 2894 ἐξ

353 2916 515 2987 ἡμῶν
592 2914 911 2990 Χριστιανὸς
988 2911 1293 2988 ἐντρεψάτω
1365 2914 1591 2977 τούτους
1668 2912 1881 2990 μεγάλῃ
1935 2916 2004 2983 τῇ

353 3007 510 3081 φωνῇ
544 3001 739 3077 λέγων’
790 3003 1018 3078 Ἀγαθὸν
1067 3003 1379 3057 πεποιθέναι
1430 3001 1518 3057 ἐπὶ
1568 3003 1781 3079 Κύριον,
1813 3003 1847 3072 ἢ
1886 3008 2005 3064 ταῖς

350 3094 559 3149 τούτων
590 3094 878 3168 προσέχειν
935 3089 1332 3167 μωρολογίαις.
1379 3093 1454 3146 Τὰ
1487 3093 1580 3165 μὲν
1634 3095 1737 3167 γὰρ
1775 3096 1872 3146 τοῦ
1904 3097 2005 3145 Κυ-

2107 2129 2241 2169 vero
2274 2113 2490 2169 diaboli
2521 2115 2822 2187 proprium
2865 2119 2955 2171 est
2980 2116 3228 2183 facinus,
3258 2118 3357 2188 qui
3410 2117 3468 2173 id
3502 2118 3761 2189 postulat

2110 2206 2176 2258 ut
2206 2202 2316 2258 sibi
2350 2219 2554 2258 omnes
2584 2205 2855 2275 persequi
2878 2204 3068 2261 liceat.
3100 2206 3347 2262 Cuinam
3383 2207 3563 2279 igitur
3591 2208 3761 2264 obse-

2112 2292 2437 2364 quendum,
2474 2293 2602 2363 jam
2652 2293 2866 2349 iterum
2915 2296 3327 2367 respondeant,
3362 2296 3591 2352 Domini
3637 2313 3763 2352 ver-

2110 2380 2224 2448 bis,
2250 2398 2323 2437 an
2344 2382 2509 2436 vanis
2531 2382 2657 2437 suis
2679 2383 3269 2440 sermocinationibus
3286 2384 3313 2439 ?
3341 2385 3602 2450 Quorum
3621 2401 3756 2442 vero

2111 2487 2285 2543 opera
2306 2474 2446 2527 sunt
2464 2469 2790 2527 imitanda?
2810 2472 3252 2540 Sanctorumne,
3281 2490 3355 2528 an
3374 2489 3577 2529 eorum
3608 2489 3759 2545 quos

2114 2559 2199 2615 illi
2233 2558 2473 2615 arbitrio
2506 2576 2612 2616 suo
2643 2560 3017 2631 cooptarint?
3043 2562 3528 2633 Quandoquidem
3558 2568 3755 2619 autem

2113 2665 2186 2704 ne
2235 2648 2321 2703 illi
2383 2649 2632 2704 fortasse
2672 2648 2782 2703 hoc
2840 2649 3170 2705 discernere
3215 2650 3427 2717 valent,
3487 2651 3761 2707 obcaecati

2115 2738 2331 2810 quippe
2357 2742 2553 2793 mente
2596 2742 2653 2793 et
2682 2738 3059 2808 conscientia,
3096 2744 3163 2795 ut
3194 2739 3275 2795 ait
3306 2740 3486 2796 Isaias
3516 2742 3579 2808 ⁷⁸,
3614 2740 3764 2796 arbi-

2115 2831 2346 2882 trantur
2365 2843 2632 2882 amarum
2657 2844 2784 2883 esse
2813 2827 3004 2900 dulce,
3033 2832 3089 2883 et
3112 2828 3281 2884 dulce
3303 2846 3571 2885 amarum
3594 2848 3606 2898 ;
3630 2829 3763 2901 qui-

2114 2916 2201 2972 vis
2232 2933 2298 2971 ex
2329 2916 2499 2971 nobis
2530 2915 2897 2973 Christianus
2928 2918 3327 2990 pertransiens
3374 2919 3594 2990 pudore
3624 2918 3759 2975 illos

2117 3004 2660 3076 suffundat,magna
2681 3004 2802 3060 haec
2824 3022 2960 3061 voce
2977 3006 3241 3062 clamans
3266 3024 3278 3060 :
3302 3006 3505 3062 Melius
3526 3010 3614 3062 est
3629 3023 3762 3062 con-

2114 3095 2293 3149 ﬁdere
2317 3093 2377 3148 in
2412 3094 2674 3159 Domino,
2700 3111 2877 3166 quam
2900 3094 3132 3150 illorum
3164 3095 3545 3167 stultiloquiis
3571 3100 3759 3151 atten-

355 3181 475 3260 ρίου
507 3180 726 3258 ῥήματα
756 3182 900 3251 ζωὴν
951 3180 1170 3236 αἰώνιον
1222 3178 1357 3256 ἔχει,
1405 3182 1474 3235 τὰ
1504 3178 1560 3235 δὲ
1604 3182 1752 3253 παρὰ
1792 3178 1999 3235 τούτων

2120 3182 2271 3237 dere.
2303 3182 2534 3237 Domini
2564 3182 2721 3237 enim
2752 3183 2928 3239 verba
2975 3184 3152 3239 vitam
3184 3188 3461 3239 aeternam
3493 3184 3711 3240 habent
3742 3202 3757 3241 :

352 3270 732 3350 προφερόμενα
788 3268 1122 3346 πανουργίας
1178 3270 1268 3324 καὶ
1346 3270 1590 3342 αἱμάτων
1650 3268 1763 3324 ἐστὶ
1816 3269 1999 3343 μεστά.

423 3451 516 3507 24.
548 3449 724 3505 Ἰκανά
776 3448 869 3521 μὲν
916 3444 1008 3501 οὖν
1059 3450 1228 3501 ταῦτα
1270 3447 1370 3516 τήν
1422 3444 1611 3519 μανίαν
1657 3450 1765 3502 τῶν
1798 3443 2005 3503 ἀσεϐῶν

357 3538 670 3616 ἀνατρέψαι,
728 3536 819 3592 καὶ
869 3534 1036 3607 δεῖξαι
1086 3533 1253 3609 μηδὲν
1309 3533 1489 3611 ἕτερον
1541 3535 1737 3599 αὐτοὺς
1771 3534 2008 3592 σπουδά-

360 3633 569 3702 ζοντας,
620 3627 655 3697 ἢ
707 3625 788 3681 ἷ¹να
839 3626 1000 3699 μόνον
1048 3624 1126 3687 εἰς
1176 3623 1456 3701 λοιδορίας
1500 3626 1589 3680 καὶ
1654 3624 2009 3703 βλασφημίας

358 3716 763 3795 φιλονεικῶσιν.
813 3712 1034 3784 Ἐπειδή
1087 3712 1145 3769 δὲ
1183 3714 1320 3785 ἅπαξ
1364 3716 1745 3791 Χριστομάχοι
1791 3712 2009 3789 τολμή-

360 3827 543 3869 σαντες
574 3805 728 3876 εἶναι,
764 3802 958 3859 λοιπὸν
984 3803 1075 3859 καὶ
1100 3802 1548 3881 φιλοπράγμονες
1569 3803 1848 3879 γεγόνασιν
1873 3806 2008 3879 (64),

363 3896 747 3967 ἐξεταζέτωσαν
781 3892 934 3967 ὅμως
960 3893 1166 3948 καὶτὸν
1196 3893 1397 3969 τρόπον
1440 3900 1542 3963 τῆς
1584 3894 2009 3970 ἀναχωρήσεως,

360 3986 452 4041 καὶ
487 3984 894 4059 μανθανέτωσαν
924 3984 1071 4058 παρὰ
1096 3986 1203 4037 τῶν
1240 3979 1414 4041 ἰδίων.
1444 3988 1608 4037 Ἠσαν
1649 4002 1752 4057 γαρ
1799 3983 2014 4057 Ἀρεια-

358 4074 449 4129 νοὶ
480 4070 875 4148 συνδραμόντες
919 4077 1038 4135 τοῖς
1085 4072 1441 4146 στρατιώταις
1488 4071 1565 4134 εἷς
1603 4072 1665 4127 τὸ
1696 4070 2011 4148 παροξύνειν

363 4162 675 4237 αὐτοὺς,καὶ
707 4163 990 4237 ἀγνοοῦσιν
1024 4160 1209 4224 αὐτοῖς
1394 4159 1653 4217 δεικνύειν
1696 4164 1865 4235 ἡμᾶς.
1910 4160 2015 4218 Καὶ

365 4253 413 4308 εἰ
469 4251 559 4307 καὶ
618 4248 792 4313 οὕτως
849 4251 1181 4324 ἀσυμπαθεῖς
1236 4251 1594 4327 τυγχάνουσιν
1625 4296 1642 4322 ,
1702 4248 1848 4306 ἀλλὰ
1919 4250 2013 4305 κᾶν

365 4340 653 4404 ἀκούοντες
707 4339 1081 4417 ἠρεμείτωσαν
1141 4339 1547 4415 αἰσχυνόμενοι.
1611 4340 1716 4411 Νὺξ
1766 4340 1859 4413 μὲν
1913 4342 2017 4417 γὰρ

364 4428 476 4501 ἤδη
507 4430 594 4500 ἧν,
624 4429 714 4484 καὶ
742 4433 839 4484 τοῦ
872 4426 1007 4483 λαοῦ
1053 4448 1193 4490 τινες
1226 4428 1580 4505 έπαννύχιζον
1627 4426 2019 4503 προσδοκωμέ-

2112 3271 2289 3327 verba
2318 3275 2513 3326 autem
2546 3271 2619 3326 ab
2650 3270 2767 3327 illis
2789 3271 3012 3344 prolata
3034 3272 3149 3328 doli
3179 3276 3236 3329 et
3253 3274 3561 3345 sanguinis
3590 3273 3765 3345 plena

2116 3364 2275 3415 sunt.

2186 3450 2277 3503 24.
2310 3449 2439 3504 Haec
2470 3449 2588 3505 sint
2617 3449 2799 3522 igitur
2828 3450 2970 3505 satis
3003 3452 3075 3506 ad
3120 3451 3436 3524 impiorum
3467 3452 3761 3510 insaniam

2116 3539 2508 3608 evertendam,
2534 3543 2589 3593 et
2612 3540 2682 3593 ad
2716 3540 3238 3596 demonstrandum
3266 3540 3410 3595 nihil
3428 3540 3587 3597 aliud
3612 3558 3765 3599 cura

2116 3628 2236 3684 illis
2268 3643 2417 3698 esse,
2450 3644 2629 3699 quam
2656 3631 2715 3683 et
2740 3628 3017 3685 conviciis
3034 3634 3091 3685 et
3118 3628 3503 3702 blasphemiis
3533 3636 3768 3687 conten-

2120 3719 2274 3774 dere.
2290 3718 2397 3772 Sed
2421 3718 2559 3787 quia
2575 3718 2754 3771 semel
2777 3717 2990 3773 Christi
3010 3718 3208 3774 hostes
3228 3719 3377 3773 efﬁci
3402 3720 3769 3787 ausi,deinds

2121 3806 2333 3863 curiosi
2382 3807 2753 3878 indagatores
2801 3806 2985 3861 effecti
3038 3811 3214 3875 sunt;
3263 3808 3445 3863 nostri
3497 3826 3767 3867 secessus

2122 3896 2406 3951 rationem
2437 3895 2810 3950 sciscitentur
2857 3912 2893 3950 a
2937 3895 3179 3967 suisque
3225 3896 3509 3953 ediscant.
3561 3899 3766 3955 Ariani

2123 3988 2275 4041 certe
2305 3999 2433 4040 sese
2477 3983 2767 4039 militibus
2799 3984 3207 4055 adjunxerant,
3238 3988 3305 4041 ut
3349 3984 3482 4041 illos
3513 3988 3769 4043 concita-

2124 4077 2273 4143 rent,
2297 4088 2523 4145 nosque
2538 4072 2656 4128 illis
2678 4072 3378 4145 ignotosindicarent.Qui
3405 4075 3454 4132 si
3475 4076 3558 4131 ita
3578 4077 3772 4133 omnis

2124 4161 2651 4219 commiserationis
2697 4166 2839 4217 sunt
2880 4167 3167 4235 expertes,
3197 4162 3401 4220 saltem
3454 4164 3596 4220 dum
3648 4164 3771 4221 haec

2125 4251 2394 4319 audiunt,
2428 4251 2649 4323 pudore
2681 4250 2871 4306 affecti
2902 4252 3341 4323 conquiescant.
3356 4252 3478 4308 Nox
3500 4253 3626 4323 jam
3649 4256 3775 4309 erat

2126 4346 2181 4398 et
2209 4341 2449 4413 quidam
2482 4355 2511 4394 e
2540 4339 2753 4411 populo
2782 4341 3155 4414 pervigilium
3194 4343 3444 4414 agebant
3473 4342 3773 4413 sequentis

2129 4429 2408 4502 synaxis:
2450 4445 2585 4484 cum
2632 4429 2749 4483 dux
2800 4430 3085 4486 exercitus
3134 4430 3416 4503 Syrianus
3463 4430 3775 4503 derepente

368 4542 465 4592 νης
497 4518 785 4589 συνάξεωςθ
820 4519 849 4572 ὁ
881 4514 939 4572 δὲ
986 4514 1363 4592 στρατηλάτης
1418 4517 1679 4593 Συριανὸς
1729 4519 1841 4591 (66)
1884 4516 2005 4587 ἐξαί-

2130 4536 2263 4575 cum
2296 4518 2585 4574 militibus
2629 4518 2839 4590 irrupit
2888 4518 3022 4590 plus
3052 4519 3312 4591 quinque
3357 4518 3638 4586 millibus,
3674 4521 3777 4593 qui

369 4629 506 4687 φνης
540 4608 731 4678 ἐπέστη
771 4608 905 4680 μετά
933 4611 1275 4681 στρατιωτῶν
1307 4604 1495 4660 πλεῖον
1532 4604 2017 4681 πεντακισχιλίων,

372 4697 609 4775 ἐχόντων
646 4695 792 4751 ὅπλα
835 4695 924 4751 καὶ
955 4694 1081 4773 ξίφη
1131 4695 1332 4770 γυμνὰ,
1381 4696 1470 4749 καὶ
1517 4695 1666 4767 τόξα,
1716 4695 1806 4750 καὶ
1858 4693 2018 4770 βέλη,

446 4843 489 4879 ⁷⁷
522 4843 695 4909 Exod.
727 4859 822 4912 xv,
854 4842 908 4896 9.
988 4840 1032 4877 ⁷⁸
1062 4840 1175 4909 Isa,
1205 4858 1263 4911 v,
1294 4841 1364 4896 20

413 4986 559 5111 ί(59)
591 4984 812 5059 Anglic.
845 4979 1040 5045 οὕτως.
1086 4983 1244 5039 Infra
1288 4983 1443 5041 idem
1496 4982 1627 5060 ὑπὲρ
1658 4988 1760 5053 τῆς
1792 4979 2024 5054 Ἐκκλη-

434 5077 517 5111 ας.
1978 5106 1981 5107 ,

376 5077 818 5221 iiisbienslis-
854 5123 1159 5221 ἒφύλοεττιι
1198 5125 1291 5221 ειριῖ
1335 5123 1684 5189 λανθάνοντες
1720 5126 1837 5199 μέν·
1872 5106 2027 5184 1”"

376 5195 618 5269 idem-EE
649 5195 824 5254 αὗτῶν
856 5195 1076 5259 ἑαυτοὺς
1109 5195 1421 5266 ἐξεδίδοντο.

451 5272 564 5357 (6})
595 5267 734 5357 Reg.
767 5276 825 5327 et
868 5269 1096 5359 ‘Anglic.
1131 5270 1238 5327 ὅτε.
1292 5271 1443 5327 Editi
1487 5267 1591 5327 ὅτι.
1625 5269 1847 5342 Anglic.
1882 5270 2025 5326 ibid.

378 5340 603 5399 τοιαῦτα
630 5340 747 5404 τοῖς
775 5340 884 5395 τισὶ
915 5340 1001 5397 τά.

474 5416 566 5488 62)
595 5414 819 5488 Anglic.
854 5412 1042 5488 αὑτοῦ.

474 5418 545 5470 62
595 5418 819 5488 Anglic.
854 5418 1042 5468 αὑτοῦ.

451 5418 580 5567 (63).
621 5487 759 5559 Reg.
810 5483 1127 5567 Tofrrohyo‘zp
1174 5482 1362 5567 αὐτοῖς
1408 5480 1802 5567 περιλείπεται.
1854 5482 2028 5567 Angl.

451 5502 594 5613 (03A
622 5502 759 5559 ﬂag.
810 5502 1127 5612 {om-0.10:9
1174 5502 1362 5569 αυτοις
1408 5502 1802 5612 περιλειπεται.
1854 5502 2033 5596 A1181:

380 5576 535 5634 περιέ
599 5575 788 5634 ηπται.
812 5631 820 5634 _
848 5575 880 5612 u
915 5558 1085 5634 editis
1116 5575 1219 5630 γαρ
1263 5557 1446 5627 deest,
1501 5560 1805 5629 agiturque
1833 5553 2007 5631 περιεί

383 5623 576 5703 λη’ται.
610 5623 769 5686 Infra
796 5628 1015 5701 Anglic.
1046 5623 1293 5705 ἔφευγον.

664 5756 935 5822 ΡΑτιιοι.
984 5756 1095 5819 Gs.
1140 5754 1323 5825 XXV.

2129 4605 2333 4676 armis,
2380 4604 2603 4660 strictis
2648 4603 2878 4677 gladiis,
2926 4607 3202 4673 arcubus,
3234 4606 3367 4662 telis
3413 4612 3471 4662 et
3521 4608 3779 4665 fustibus

2130 4694 2401 4750 instructi
2433 4698 2619 4765 erant,
2642 4693 2727 4748 uti
2748 4693 3019 4766 superius
3052 4694 3270 4750 dictum
3298 4699 3417 4751 est:
3443 4694 3779 4754 ecclesiam-

2206 4980 2317 5054 (64)
2351 4978 2480 5037 Haec
2511 4982 2846 5038 referuntur
2875 5000 2908 5038 a
2936 4979 3280 5039 Theodorei.
3325 4981 3427 5039 lib.
3463 5000 3500 5039 II
3534 4982 3696 5053 Hist,
3729 5001 3781 5041 ο.

2138 5054 2319 5197 12ἓίὸὗ)
2370 5123 2566 5197 Αὑῖοῖς
2615 5124 2779 5197 deest
2825 5125 2978 5196 apud
3028 5124 3314 5197 Theodor.
3365 5130 3493 5181 Mox
3541 5125 3678 5197 Reg.
3732 5128 3790 5181 et

2135 5194 2422 5251 Theodor.
2457 5194 2811 5266 ἀσυμπαθεῖς,
2858 5194 2915 5250 et
2963 5202 3116 5252 recte
3155 5196 3415 5267 quidem.
3452 5196 3601 5252 Editi
3630 5194 3787 5268 ’συμ-

2136 5268 2346 5327 παθεῖς.
2380 5269 2513 5332 Quae
2544 5271 2873 5338 sequuntur
2920 5284 3089 5338 porro
3116 5273 3466 5323 enarrantur
3495 5268 3670 5323 etiam
3722 5283 3786 5337 ιι,

2138 5338 2399 5421 Apologia
2428 5338 2499 5421 oo;
2529 5339 2912 5394 Constantium
2960 5340 3071 5395 sub
3122 5340 3318 5408 finem,
3352 5344 3410 5395 et
3437 5339 3498 5395 in
3545 5339 3791 5412 Epistola

2139 5411 2209 5466 ad
2236 5411 2532 5465 solitarios.
3590 5411 3596 5412 ⁷

2184 5479 2635 5556 ,(66)“Συριανός
2685 5479 2850 5536 deest
2895 5481 3049 5553 apud
3114 5480 3334 5538 Theod.
3386 5485 3515 5539 Mox
3567 5481 3787 5540 Theod.

2140 5548 2316 5607 πλέον⁷
2340 5552 2374 5621 ἢ
2409 5548 2559 5609 πὲντ.

3437 5755 3517 5819 22
