4132 6392
376 299 497 357 675

915 295 981 354 S.
1026 291 1449 354 ATHANASII
1494 289 1666 352 OPP.
1716 291 1917 351 PARS
1962 290 2122 348 1.-
2155 288 2575 357 HISTORICA
2621 287 2720 348 ET
2766 285 3256 351 DOGMATICA.

3678 291 3801 354 676

377 447 488 504 que
519 429 718 485 densis
741 426 1040 484 collocatis
1068 425 1356 481 militibus
1378 423 1772 491 circumsedit,
1798 437 1870 478 ne
1893 421 2011 494 quis

2140 419 2230 473 καὶ
2286 418 2520 493 ῥόπαλα,
2577 420 2712 474 καθὰ
2765 419 2856 474 καὶ
2915 418 3178 494 πρότερον
3241 417 3454 496 εἷ’ρηται
3486 443 3498 456 ·
3554 422 3645 476 καὶ
3697 423 3800 493 τὴν

374 524 574 591 posset
605 519 676 573 ab
700 517 946 573 ecclesia
965 517 1114 572 265
1151 531 1423 586 egressus
1455 514 1717 569 evadere.
1753 513 1868 583 Ego
1891 528 2024 567 vero

376 625 510 664 cum
541 624 656 663 non
689 624 920 679 aequum
937 605 1332 662 existimarem
1366 603 1425 657 in
1452 607 1618 658 tanto
1637 601 1897 657 tumultu
1920 617 2024 672 po-

376 697 581 770 pulum
631 697 914 761 deserere,
949 695 1256 765 satiusque
1307 694 1578 748 ducerem
1631 708 1722 746 me
1772 691 2021 762 priorem

377 785 636 858 periculo
663 785 868 841 offerre
898 802 910 851 ;
945 784 1001 838 in
1027 783 1239 838 throno
1271 782 1480 838 sedens
1506 780 1662 851 jussi
1696 780 1940 835 diacono
1958 783 2023 834 ut

379 874 673 947 psalmum
705 872 940 942 legeret,
973 870 1307 943 populoque
1339 875 1402 924 ut
1451 869 1849 940 responderet,
1883 869 2022 936 Quo-

375 965 531 1018 niam
561 965 621 1017 in
650 963 917 1019 saeculum
944 960 1321 1017 misericordia
1357 960 1474 1030 ejus
1502 959 1566 1026 7°,
1600 974 1665 1013 ac
1709 973 1913 1013 omnes
1943 957 2025 1012 ita

376 1051 712 1108 recederent
739 1051 1082 1122 abirentque
1106 1050 1375 1105 domum.
1417 1048 1800 1115 Verum,cum
1829 1047 1948 1101 dux
1968 1046 2021 1100 vi

371 1140 432 1195 in
479 1139 764 1212 templum
815 1139 1144 1207 invasisset,
1197 1137 1533 1208 militesque
1582 1137 1924 1204 sacrarium,
1959 1138 2024 1189 ut

371 1246 477 1284 nos
492 1227 1473 1301 comprehenderent,obsedissent;
1506 1228 1795 1296 quotquot
1819 1241 1848 1279 e
1871 1223 2021 1279 clero

368 1323 425 1374 et
453 1317 666 1390 populo
692 1317 822 1373 istic
851 1317 1115 1384 aderant,
1139 1315 1395 1370 clamare
1422 1317 1478 1369 et
1507 1314 1812 1369 obsecrare
1844 1317 1908 1369 ut
1929 1329 2021 1369 me

368 1409 776 1464 subducerem.
811 1407 926 1477 Ego
976 1409 1178 1460 contra
1219 1421 1431 1476 negare
1484 1421 1574 1458 me
1628 1419 2017 1473 recessurum,

368 1497 483 1553 nisi
513 1496 788 1552 omnibus
811 1493 1179 1566 singulisque
1211 1493 1482 1566 egressis.
1509 1494 1766 1564 Surgens
1799 1493 2016 1563 itaque,

2139 509 2232 580 μὲν
2293 506 2584 578 ἐκκλησίαν
2653 508 2812 570 αὑτὸς
2870 507 3280 584 περιεκύκλωσε
3312 554 3327 580 ,
3389 513 3594 582 στήσας
3670 513 3804 576 τοὺς

2135 598 2464 670 στρατιώτας
2527 597 2811 673 σύνεγγυς,
2871 598 2946 660 ὡς
2997 599 3112 672 (67)
3174 600 3250 672 μὴ
3312 597 3568 656 δύνασθαί
3624 621 3800 674 τινας,

2135 686 2239 740 ἀπὸ
2294 693 2396 755 τῆς
2455 686 2748 756 ἐκκλησίας
2805 685 3116 758 ἐξελθόντας
3153 731 3166 758 ,
3225 686 3516 764 παρελθεῖν
3577 689 3796 755 αύτούς.

2133 776 2277 850 Ἐγὼ
2311 772 2367 830 δὲ
2399 773 2600 850 ἄλογον
2646 775 2956 851 ἡγούμενος
3007 775 3059 831 ἐν
3111 777 3348 851 τοσαύτῃ
3395 778 3662 856 συγχύσει
3704 802 3800 837 κα-

2129 862 2384 939 ταλεῖψαι
2425 864 2552 928 τοὺς
2601 863 2790 935 λαοὺς,
2843 865 2934 920 καὶ
2988 867 3062 940 μὴ
3110 864 3324 940 μᾶλλον
3352 865 3795 945 προκινδυνεύειν

2134 955 2326 1023 αὐτῶν,
2386 953 2656 1016 καθεσθείς
2716 953 2803 1009 ἐπὶ
2860 958 2959 1009 τοῦ
3015 954 3249 1030 θρόνου,
3309 958 3644 1034 προέτρεπον
3703 959 3797 1015 τὸν

2137 1043 2231 1116 μὲν
2281 1040 2528 1097 διάκονον
2577 1043 2960 1118 ἀναγινώσκειν
3017 1043 3261 1119 ψαλμόν·
3321 1045 3452 1109 τοὺς
3514 1045 3572 1103 δέ
3624 1045 3794 1111 λαοὺς

2135 1131 2419 1186 ὑπακούειν
2471 1134 2604 1206 (68),
2646 1134 2760 1187 Ὃτι
2806 1132 2882 1195 εἷς
2929 1133 3020 1187 τὸν
3067 1133 3240 1190 αἲῶνα
3285 1136 3349 1190 τὸ
3400 1133 3556 1200 ἔλεος
3603 1136 3792 1209 αὐτοῦ,

2130 1221 2219 1274 καὶ
2279 1221 2480 1282 πάντας
2544 1219 2718 1282 οὕτως
2768 1221 3093 1297 ἀναχωρεῖν,
3144 1223 3234 1277 καὶ
3293 1223 3372 1286 είς
3427 1223 3556 1287 τοὺς
3607 1222 3792 1288 οἷ’κους

2132 1309 2364 1366 ἀπιέναι.
2400 1307 2577 1364 Ἀλλά
2602 1313 2700 1364 τοῦ
2723 1307 3101 1385 στρατηλάτου
3138 1310 3229 1386 βίᾳ
3250 1313 3364 1387 (69)
3387 1310 3582 1369 λοιπὸν
3615 1314 3794 1370 ἐπεισ-

2131 1395 2381 1461 ελθόντος
2416 1443 2432 1466 ,
2492 1399 2581 1454 καὶ
2654 1403 2762 1454 τῶν
2840 1405 3187 1473 στρατιωτῶν
3265 1398 3674 1478 περιλαϐόντων
3726 1405 3791 1460 τὸ

2130 1487 2389 1564 ἱερατεῖον
2421 1485 2576 1544 ἕνεκα
2616 1493 2714 1544 τοῦ
2763 1484 3055 1545 συλλαϐεῖν
3107 1491 3280 1565 ἡμᾶς,
3333 1493 3386 1546 οἱ
3420 1493 3516 1566 μὲν
3549 1493 3789 1568 εὑρεθέν-

370 1602 435 1641 ac
465 1586 730 1657 injuncta
760 1584 1042 1650 oratione,
1076 1583 1134 1638 id
1183 1583 1349 1638 enixe
1379 1582 1680 1654 rogabam,
1718 1585 1784 1636 ut
1814 1596 2011 1638 omnes

2132 1597 2212 1639 τες
2246 1575 2354 1632 ἐκεῖ
2379 1576 2639 1654 κληρικοὶ
2669 1575 2759 1632 καὶ
2790 1578 2842 1632 οἱ
2872 1577 2976 1633 ἀπὸ
3024 1582 3132 1634 τῶν
3179 1576 3326 1635 λαῶν
3362 1578 3556 1652 ἐϐόων,
3601 1583 3790 1653 ἠξίουν

369 1674 534 1747 prius
555 1673 941 1742 discederent,
975 1671 1159 1728 satius
1186 1689 1314 1727 esse
1347 1688 1439 1726 me
1470 1671 1804 1743 periclitati,
1837 1686 2015 1742 quam

2129 1667 2430 1742 ἀναχωρεῖν
2461 1665 2570 1736 ηδη
2621 1667 2711 1721 καὶ
2761 1668 2931 1740 ἡμᾶς’
2984 1665 3095 1742 ἐγὼ
3145 1665 3204 1723 δὲ
3236 1666 3453 1742 μᾶλλον
3493 1669 3787 1747 ἀντέλεγον

368 1762 499 1818 laedi
533 1762 869 1834 quempiam
914 1777 944 1816 e
982 1760 1214 1833 populo.
1265 1760 1530 1833 Egressis
1558 1776 1694 1832 ergo
1744 1758 2011 1831 plurimis

2132 1757 2204 1828 μὴ
2237 1755 2498 1832 πρότερον
2532 1757 2931 1831 ἀναχωρήσειν,
2965 1755 3010 1811 εἰ
3069 1759 3144 1830 μὴ
3177 1758 3375 1820 πάντες
3410 1761 3528 1814 καθ’
3557 1757 3786 1817 ἕκαστον

2132 1843 2469 1871 r--rnn_.-..
2564 1846 2824 1871 ’A-...__.‘._
2877 1850 3004 1871 ---νη
3097 1846 3184 1871 ---Α
3246 1849 3540 1871 _____1r,,,
3628 1849 3663 1871 r,
3708 1851 3723 1871 ς

370 1853 713 1924 casterisque
732 1849 1363 1922 subsequentibus,qui
1397 1849 1707 1904 nobiscum
1740 1848 1862 1904 illic
1883 1849 2018 1904 ade-

369 1946 503 1998 rant
533 1941 803 1997 monachi
833 1945 888 1995 et
933 1957 1000 1995 ex
1050 1939 1276 1995 clericis
1326 1939 1565 2010 quidam
1615 1939 2016 2005 ascendentes,

363 2048 478 2087 nos
502 2034 828 2102 pertraxere
861 2047 872 2084 :
908 2034 1083 2100 atque
1111 2029 1215 2095 ita,
1250 2032 1432 2083 testor
1460 2028 1652 2099 ipsam
1694 2028 2016 2096 veritatem,

362 2119 497 2175 licet
526 2135 556 2175 e
588 2118 872 2174 militibus
895 2117 996 2174 alii
1015 2117 1339 2173 sacrarium
1362 2118 1684 2189 cingerent,
1713 2115 1813 2171 alii
1834 2115 2016 2172 eccle-

363 2208 512 2264 siam
545 2207 900 2276 obsiderent,
935 2206 1182 2262 Domino
1233 2209 1429 2261 tamen
1462 2206 1608 2260 duce
1641 2205 2015 2277 pertransivi-

360 2299 768 2370 mus,ipsoque
793 2296 1035 2352 custode
1055 2294 1207 2351 clam
1223 2293 1356 2350 illos
1378 2294 1762 2350 discessimus
1790 2312 1800 2348 :
1829 2295 2015 2350 Deum

361 2380 713 2459 magnopere
742 2384 1330 2458 glorificantes,quod
1363 2382 1646 2455 papulum
1671 2400 1785 2438 non
1819 2383 2014 2455 prodi-

2131 1843 2498 1914 ὑπεξέλθοιεν.
2564 1846 2824 1908 Ἀναστὰς
2875 1850 3028 1921 γοῦν,
3096 1846 3186 1902 καὶ
3241 1849 3544 1924 προστάξας
3593 1849 3786 1927 εὐχὴν,

2130 1934 2302 1996 οὕτως
2352 1933 2637 2005 ἀντηξίουν
2672 1935 2886 1990 ἀπιέναι
2915 1936 3177 2010 πρότερον
3211 1940 3325 2012 (70)
3355 1937 3483 2002 τοὺς
3533 1938 3733 2002 πάντας
3769 1986 3784 2012 ,

2132 2021 2346 2099 βέλτιον
2382 2024 2512 2078 εἶναι
2544 2022 2721 2098 λέγων
2774 2023 2872 2097 ἐμὲ
2917 2023 3244 2081 κινδυνεύειν
3283 2026 3319 2096 ἢ
3355 2024 3671 2103 βλαϐλῆναί
3700 2050 3785 2083 τι-

2126 2132 2220 2173 νας
2253 2110 2304 2181 ἐξ
2337 2112 2509 2184 ὑμῶν.
2554 2110 2914 2182 Ἐξελθόντων
2965 2113 3147 2169 τοίνυν
3193 2119 3300 2169 τῶν
3345 2113 3642 2190 πλείστων,
3694 2118 3788 2173 καὶ

2123 2205 2231 2254 τῶν
2259 2199 2466 2255 λοιπῶν
2496 2199 3032 2272 ἐπακολουθούντων,
3084 2205 3136 2258 οἱ
3169 2203 3258 2259 σὺν
3309 2206 3447 2278 ἡμῖν
3497 2201 3650 2270 ὄντες
3677 2206 3792 2262 ἐκεῖ

2130 2292 2363 2366 μοναχοὶ
2413 2292 2509 2346 καέ
2560 2313 2701 2353 τινες
2749 2296 2858 2347 τῶν
2901 2291 3212 2370 κληρικῶν,
3251 2292 3567 2359 ἀνελθόντες
3599 2293 3785 2352 ε’ίλκυ-

2125 2401 2216 2435 σαν
2268 2383 2436 2454 ἡμᾶς·
2498 2381 2588 2435 καὶ
2639 2380 2814 2444 οὕτως
2863 2381 2954 2437 ἐπὶ
3007 2380 3237 2459 μάρτυρι
3270 2386 3382 2458 (71)
3410 2388 3481 2458 τῇ
3527 2383 3782 2460 ἀληθείᾳ,

362 2473 678 2546 dissemus,
711 2474 812 2530 sed
843 2473 970 2546 ipso
993 2472 1320 2545 praemisso,
1345 2471 1769 2543 inquirentium
1803 2488 2011 2527 manus

2132 2474 2229 2525 τῶν
2258 2474 2602 2546 στρατιωτῶν
2633 2474 2742 2525 τῶν
2779 2471 2873 2542 μὲν
2923 2471 3360 2546 περιεστηκότων
3391 2472 3455 2530 τὰ
3495 2475 3784 2550 ἳερατεῖον,

362 2564 604 2619 evadere
631 2563 917 2619 licuisset.

2121 2564 2228 2614 τῶν
2290 2556 2347 2613 δὲ
2406 2560 2852 2635 περιερχομένων
2909 2562 3009 2631 τὴν
3072 2559 3396 2637 ἐκκλησίαν,
3456 2560 3782 2639 διήλθομεν,

358 2655 458 2705 τοῦ
483 2650 685 2726 Κυρίου
718 2648 1070 2724 ὁδηγοῦντος,
1100 2649 1189 2703 καὶ
1223 2648 1385 2704 αὑτοῦ
1416 2647 1803 2726 φυλάττοντος,
1841 2647 2094 2711 λαθόντες
2126 2651 2236 2722 (72)
2266 2646 2461 2710 αὐτοὺς
2491 2650 2943 2726 ἀνεχωρήσαμεν,
2971 2647 3281 2721 δοξάζοντες
3318 2650 3579 2728 μεγάλως
3616 2652 3779 2709 αὑτὸν

357 2739 450 2792 τὸν
484 2738 632 2809 Θεὸν,
666 2738 747 2793 ὅτι
786 2741 924 2812 μήτε
944 2735 1366 2814 προδεδώκαμεν
1399 2740 1508 2811 (73)
1537 2739 1628 2792 τὸν
1662 2735 1815 2807 λαὸν,
1848 2735 1994 2792 ἀλλὰ
2022 2737 2112 2793 καὶ
2141 2739 2560 2814 προπέμψαντες
2590 2737 2810 2811 αὐτοὺς,
2842 2737 3172 2810 διασωθῆναι
3219 2742 3308 2795 καὶ
3361 2738 3642 2818 διαφυγεῖν
3681 2743 3782 2804 τὰς

360 2832 550 2902 χεῖρας
577 2831 685 2881 τῶν
722 2827 1025 2896 ζητούντων
1059 2825 1427 2901 ἠδυνήθημεν.

429 2917 518 2972 25.
551 2917 696 2974 Cum
728 2917 910 2990 igitur
941 2917 1137 2973 divina
1186 2917 1549 2989 providentia
1579 2933 1685 2973 nos
1716 2921 1804 2986 ;eo
1836 2918 2009 2973 modo

356 3024 423 3063 ac
455 3005 804 3062 mirabiliter
832 3006 1114 3075 liberarit,
1149 3007 1283 3078 quis
1337 3006 1507 3062 nobis
1538 3005 1680 3061 illud
1704 3006 1840 3077 jure
1869 3006 2009 3062 vitio

351 3100 558 3167 vertat,
591 3096 747 3167 quod
780 3095 1214 3167 inquirentibus
1237 3112 1344 3152 nos
1378 3094 1528 3151 ultro
1553 3113 1667 3152 non
1699 3095 2010 3151 tradideri-

357 3202 512 3256 mus,
541 3189 644 3241 aut
671 3186 884 3241 reversi
909 3201 1022 3240 non
1055 3186 1200 3258 ipsis
1221 3202 1415 3241 coram
1435 3185 1772 3241 steterimus
1793 3185 1820 3240 ?
1843 3186 2012 3241 Esset

357 3276 532 3348 plane
561 3274 706 3329 illud
748 3291 810 3330 se
859 3275 975 3330 Deo
1021 3275 1318 3347 ingratum
1368 3279 1666 3347 praestare,
1700 3279 1758 3329 et
1807 3280 2016 3346 praeter

360 3364 489 3434 ejus
537 3365 881 3419 mandatum
933 3379 1123 3435 agere,
1177 3380 1310 3418 cum
1360 3363 1627 3435 actisque
1675 3368 2012 3419 sanctorum

360 3468 643 3524 pugnare.
679 3458 795 3507 Aut
825 3452 873 3508 si
907 3453 1040 3524 quis
1057 3457 1149 3508 est
1179 3452 1278 3525 qui
1306 3452 1414 3508 hoc
1445 3452 1676 3507 crimini
1705 3453 1822 3519 det,
1847 3454 1896 3508 is
1919 3469 2016 3508 su-

363 3543 496 3597 deat
528 3547 586 3597 et
616 3559 898 3614 magnum
930 3541 1260 3613 apostolum
1281 3546 1518 3598 Petrum
1541 3542 1831 3609 incusare,
1855 3543 2009 3613 quod

362 3628 425 3684 in
457 3646 684 3686 carcere
705 3629 968 3686 reclusus
991 3635 1046 3684 et
1065 3647 1098 3685 a
1129 3630 1414 3685 militibus
1446 3631 2011 3701 custoditus,vocan-

361 3723 481 3775 tem
515 3737 577 3775 se
608 3719 876 3792 angelum
901 3724 1138 3775 secutus
1169 3720 1282 3776 sit:
1315 3737 1344 3775 e
1366 3735 1710 3791 carcereque
1740 3735 2012 3791 egressus

359 3812 536 3881 atque
579 3809 882 3876 liberatus,
917 3827 1031 3864 non
1087 3809 1344 3882 seipsum
1378 3808 1703 3864 traditurus
1754 3808 2009 3875 redierit,

359 3900 469 3955 etsi
502 3899 745 3955 Herodis
768 3899 1026 3954 facinora
1046 3899 1447 3971 comperisset.
1472 3897 1620 3952 Illud
1657 3913 1890 3969 quoque
1921 3898 2012 3953 fu-

358 3989 550 4044 riosus
580 3989 832 4043 Ariauus
859 3987 1039 4043 Paulo
1071 3987 1334 4059 apostolo
1381 3986 1520 4042 vitio
1549 3992 1758 4054 vertat,
1791 3988 1948 4058 quod
1979 4005 2010 4044 e

358 4093 528 4133 muro
559 4076 853 4132 demissus
887 4076 1238 4132 sententiam
1258 4093 1371 4131 non
1398 4075 1658 4143 mutarit,
1681 4092 1786 4131 nec
1817 4093 2008 4132 rever-

357 4183 461 4221 sus
509 4165 698 4238 seipse
741 4166 1094 4220 tradiderit:
1131 4166 1313 4238 Moysi
1364 4166 1504 4220 item
1555 4166 1709 4236 quod
1759 4182 1826 4220 ex
1855 4171 2010 4222 terra

357 4255 593 4311 Madian
615 4255 672 4310 in
693 4256 999 4327 ngyptum
1019 4271 1322 4327 regressus
1340 4272 1454 4310 non
1475 4254 1572 4325 sit,
1599 4259 1716 4309 uta
1739 4271 2008 4325 quaeren-

355 4344 514 4400 tibus
543 4361 605 4401 se
625 4344 1163 4416 apprehenderetur
1187 4360 1199 4398 :
1225 4343 1428 4400 Davidi
1447 4345 1600 4416 quod
1624 4345 1765 4399 dum
1798 4344 1855 4398 in
1883 4360 2009 4416 spe-

353 4433 531 4490 lunca
560 4439 734 4502 esset,
767 4433 929 4490 Sauli
962 4449 1076 4488 non
1109 4433 1332 4490 venerit
1362 4433 1626 4488 obviam:
1656 4433 1757 4489 sed
1790 4438 1846 4488 et
1873 4449 2007 4504 pro-

2188 2919 2279 2973 25.
2309 2922 2417 2986 Τῆς
2448 2916 2628 2972 τοίνυν
2660 2917 2923 2991 Προνοίας
2973 2916 3146 2979 οὕτως
3184 2914 3272 2971 καί
3303 2919 3418 2990 (74)
3447 2914 3771 2992 παραδόξως

2122 3004 2453 3081 ῥυσαμένης,
2483 3007 2567 3070 τίς
2599 3007 2658 3062 ἃν
2714 3004 2936 3068 δικαίως
2990 3006 3192 3080 μέμψιν
3241 3004 3529 3081 ἐπαγάγοι,
3575 3005 3660 3062 ὅτι
3695 3007 3770 3080 μὴ

2121 3100 2237 3156 τοῖς
2293 3099 2544 3166 ζητοῦσιν
2597 3095 2819 3159 ἑαυτοὺς
2871 3092 3122 3158 ἐκδότους
3181 3092 3515 3168 δεδώκαμεν.
3567 3096 3603 3164 ἢ
3645 3095 3777 3150 ὑπο-

2125 3184 2444 3258 στρέψαντες
2495 3184 2878 3264 ἐνεφανίσαμεν
2939 3184 3160 3247 ἑαυτούς
3196 3204 3211 3255 ;
3254 3188 3424 3239 Τοῦτο
3482 3180 3588 3260 γάρ
3637 3184 3776 3240 ἐστιν

2124 3272 2374 3350 ἄντικρυς
2427 3275 2794 3351 ἀχαριστῆσαι
2838 3279 2919 3347 τῷ
2967 3273 3173 3350 Κυρίῳ,
3222 3274 3349 3347 παρ’
3397 3270 3626 3344 ἐντολήν
3669 3275 3782 3346 (75)

2121 3384 2180 3418 τε
2207 3362 2369 3418 αὐτοῦ
2399 3365 2615 3440 πρᾶξαι,
2664 3364 2754 3420 καὶ
2801 3369 2921 3426 ταῖς
2965 3367 3072 3418 τῶν
3124 3361 3294 3438 ἁγίων
3342 3363 3611 3438 μάχεσθαι
3637 3363 3780 3439 πρά-

2123 3452 2281 3523 ξεσιν.
2315 3458 2381 3508 Ἠ
2438 3453 2466 3507 6
2523 3457 2683 3508 τοῦτο
2745 3451 3097 3530 μεμφόμενος
3153 3449 3492 3526 τολμησάτω
3544 3449 3635 3506 καὶ
3684 3448 3778 3507 τὸν

2127 3542 2292 3616 μέγαν
2353 3540 2662 3597 ἀπόστολον
2717 3541 2920 3616 Πέτρον
2976 3541 3351 3609 αἶτιάσασθαι,
3413 3538 3538 3610 ὅτι,
3597 3538 3778 3596 καίτοι

2122 3629 2492 3705 συγκλεισθεὶς
2538 3628 2626 3684 καί
2667 3629 3005 3703 τηρούμενος
3055 3629 3156 3684 ὑπὸ
3206 3631 3591 3704 στρατιωτῶν,
3641 3628 3778 3698 ἠκο-

2123 3717 2358 3788 λούθησε
2385 3723 2464 3791 τῷ
2507 3717 2765 3774 καλοῦντι
2813 3716 3058 3794 ἀγγέλῳ,
3102 3716 3192 3772 καὶ
3243 3715 3472 3788 ἐξελθὼν
3525 3716 3630 3772 ἀπὸ
3675 3723 3781 3786 τῆς

2121 3805 2371 3885 φυλακῆς
2418 3807 2508 3862 καὶ
2559 3805 2860 3878 διασωθεὶς,
2912 3806 3020 3882 οὐχ
3070 3807 3367 3881 ὑπέστρεψε
3405 3804 3496 3861 καὶ
3528 3804 3780 3883 παρέδω-

2119 3916 2208 3950 κεν
2241 3898 2354 3969 (76)
2401 3897 2608 3964 ἐαυτὸν,
2657 3896 2852 3971 καίπερ
2901 3895 3133 3958 ἀκούσας
3182 3895 3216 3949 ἃ
3261 3893 3560 3965 πεποίηκεν
3602 3895 3781 3970 Ἡρώ-

2121 3982 2241 4056 δης·
2281 3987 2572 4064 μεμφέσθω
2604 3982 2662 4041 δὲ
2717 3985 2901 4059 μανεὶς
2947 3987 2974 4040 ὁ
3024 3985 3301 4061 ’Δρειανὸς
3351 3986 3487 4059 (77),
3520 3983 3604 4040 ὅτι
3639 3987 3782 4059 μήτε

2119 4072 2336 4136 Παῦλος
2369 4077 2397 4129 ὁ
2429 4073 2759 4143 ἀπόστολος,
2809 4073 3105 4151 χαλασθεὶς
3157 4074 3262 4128 ἀπὸ
3304 4077 3401 4128 τοῦ
3430 4073 3656 4150 τείχους
3683 4073 3778 4129 καὶ

2119 4161 2422 4234 διασωθεὶς,
2478 4166 2741 4239 μετέγνω,
2785 4162 2875 4219 καί
2927 4164 3265 4239 ὑποστρέψας
3315 4159 3535 4218 ἔκδοτον
3589 4163 3780 4218 ἑαυτὸν

2119 4249 2339 4306 δέδωκεο
2395 4255 2535 4326 μήτε
2589 4253 2672 4308 ὅτι
2731 4259 2935 4323 Μωσῆς
2998 4253 3321 4329 ὑπέστρεψεν
3381 4252 3488 4308 ἀπὸ
3551 4250 3783 4327 Μαδιάμ

2118 4341 2194 4403 εἷς
2227 4339 2523 4416 Αἷ¹γυπτον,
2552 4341 2643 4398 ⁸ίνα
2687 4344 2932 4420 κρατηθῇ
2984 4343 3086 4398 ὑπὸ
3114 4346 3220 4397 τῶν
3272 4341 3596 4414 ζητούντων·
3636 4345 3780 4416 μήτε

2117 4431 2144 4484 6
2195 4425 2360 4485 Δαϐὶδ
2412 4430 2462 4486 ἐν
2513 4437 2593 4505 τῷ
2644 4430 2905 4505 σπηλαίῳ
2949 4428 3142 4502 ἔδειξεν
3200 4431 3386 4486 ἑαυτὸν
3436 4436 3516 4504 τῷ
3565 4428 3775 4486 Σαούλο

351 4522 662 4594 phetarum
694 4523 831 4579 ﬁliis
863 4524 1017 4595 quod
1050 4522 1109 4578 in
1142 4522 1440 4595 speluncis
1470 4525 1840 4578 remanentes
1872 4537 2002 4578 sese

2132 4517 2258 4574 ἱλλά
2285 4519 2374 4575 καὶ
2408 4521 2461 4575 οἱ
2492 4519 2602 4576 υἱοί
2638 4525 2745 4577 τῶν
2797 4525 3094 4598 προφητῶν
3140 4518 3355 4595 ἔμειναν
3396 4519 3448 4576 ἐν
3478 4525 3598 4583 τοῖς
3628 4541 3780 4592 σπη-

424 4640 468 4674 ⁷⁹
497 4639 646 4696 Psal.
679 4657 900 4710 cxxxvr,
943 4645 960 4693 ι
996 4655 1160 4711 seqq.

423 4770 535 4914 (67)
564 4771 815 4846 Anglic,
847 4769 1002 4826 ὥστε.

444 4843 536 4911 68)
569 4841 900 4899 Ὑπακούειν.
936 4844 1002 4898 Mi

444 4841 536 4911 68)
569 4841 900 4899 “ὶ“πΞικούέιν.
936 4844 1125 4899 Minus
1160 4848 1314 4899 recte
1344 4842 1611 4899 Nannius
1640 4843 1830 4909 vertit,
1866 4860 2000 4899 aus-

349 4917 600 4981 cultaret,
635 4932 766 4970 cum
801 4916 878 4970 sit
930 4917 1300 4978 vertendum,
1336 4915 1700 4986 responderet.
1739 4914 2002 4971 Valesius

350 4988 410 5059 in
442 4987 596 5059 notis
628 4990 698 5042 ad
732 4987 1182 5059 Theodoretum,
1214 4988 1283 5042 ad
1318 5003 1448 5058 pag.
1481 4987 1572 5054 88‘,
1606 4991 1771 5057 putat
1801 4986 2000 5059 legen-

352 5057 492 5133 dum
545 5057 800 5133 ὑπηχεῖνἲ
836 5058 947 5133 Sed
998 5064 1147 5114 recte
1199 5057 1726 5133 habéﬁcgntextus
1780 5073 1792 5112 :
1843 5057 2001 5114 vocis

348 5129 562 5256 guippe
597 5127 883 5183 ὑπακούειν
909 5131 958 5184 is
991 5147 1134 5187 usus
1155 5135 1244 5186 est
1267 5130 1422 5201 apud
1454 5129 1704 5196 Graecos,
1725 5146 1837 5184 non
1874 5147 1999 5185 mo-

389 5219 420 5256 o
452 5201 898 5256 ecclesiasticos.
915 5202 1014 5256 sed
1040 5203 1216 5256 etiam
1241 5201 1530 5256 profanos.
1551 5200 1823 5256 Exempla
1847 5200 1998 5256 mul-

389 5219 420 5257 o
452 5200 898 5267 ecclesiasticos,
915 5202 1014 5257 sed
1040 5203 1216 5258 etiam
1240 5200 1530 5272 profanos.
1551 5200 1823 5272 Exempla
1847 5200 1998 5256 mul-

347 5278 406 5329 ta
432 5273 651 5328 videsis
683 5274 744 5328 in
771 5273 968 5328 Lexico
989 5273 1375 5341 Constantini,
1401 5273 1686 5328 Francisci
1715 5272 1870 5328 Porti
1898 5273 2000 5328 ad-

345 5343 670 5416 ditionibus
721 5350 912 5404 aucto.
965 5361 1175 5416 excuso
1225 5361 1378 5399 anno
1429 5344 1585 5398 1592.
1637 5343 2001 5416 Epiphanius

346 5415 739 5472 scholasticus
788 5417 944 5470 hunc
990 5415 1184 5471 locum
1231 5417 1425 5481 vertit,
1467 5417 1658 5487 populi
1690 5415 2001 5486 responde-

346 5496 488 5542 rem.
521 5487 666 5543 Vide
696 5504 823 5560 quas
855 5504 1034 5560 supra
1064 5487 1320 5544 diximus
1351 5488 1410 5543 in
1438 5488 1701 5560 Apologia
1728 5487 1798 5543 ad
1831 5487 1998 5543 Cons-

344 5560 589 5616 tantium
619 5576 783 5615 num.
818 5560 903 5614 16.

414 5627 526 5711 (69)
555 5626 659 5706 Βία
685 5631 848 5689 deest
875 5631 1031 5704 apud
1079 5629 1298 5689 Theod.
1349 5629 1483 5688 Mox
1511 5628 1653 5704 Reg.
1685 5634 1742 5687 et
1769 5629 1990 5690 Theod.

2113 4775 2482 4849 στρατιωτῶν.
2519 4772 2670 4849 Editi
2704 4773 2856 4849 male
2885 4775 3149 4849 στρατῶν.

2184 4843 2297 4920 (7Q)
2328 4847 2390 4920 in
2420 4846 2645 4920 Anglic,
2679 4851 2736 4902 et
2765 4843 2985 4920 Theod.
3017 4843 3281 4920 πρότερον
3316 4844 3498 4920 deest.

2117 4984 2130 5006 ,
2183 4915 2305 5006 (71),
2331 4918 2469 4990 Reg.
2503 4915 2561 4973 et
2585 4918 2805 4973 Theod.
2842 4915 2928 4970 ἐπὶ
2966 4915 3218 4992 μάρτυρι,
3253 4921 3428 4973 recte.
3455 4916 3605 4972 Editi
3637 4933 3777 4975 vero

2113 4987 2531 5063 ἐπιμάρενβος,

2205 5056 2295 5130 72)
2316 5056 2569 5126 Theod.,
2605 5056 2984 5130 λανθάνοντες.

2205 5062 2295 5130 72)
2318 5061 2569 5126 Theod.,
2605 5061 2984 5120 λανθάνοντες.

2182 5061 2294 5203 (73)
2353 5131 2597 5205 Anglic.,
2645 5127 3044 5205 προὺδώκαμεν
3097 5129 3276 5186 Paulo
3335 5135 3468 5203 post
3546 5130 3775 5188 Theod.

2112 5198 2139 5254 ὃ
2151 5198 2438 5278 ιεκφυγεῖν,

2316 5273 2426 5367 ’ξαί
2451 5275 2622 5367 ιᾴεεεῐ
2651 5273 2710 5364 ip
2743 5275 2967 5367 Anglic.

2201 5341 2293 5416 75)
2321 5346 2569 5419 Anglic.,
2601 5346 2690 5398 καὶ
2722 5341 2870 5420 παρἾ
2907 5346 3065 5402 Infra
3097 5345 3254 5401 idem
3286 5343 3314 5397 6
3342 5341 3523 5416 τούτῳ
3557 5345 3777 5423 μεμφόο

2113 5434 2289 5486 μενος.

2180 5489 2292 5570 <29)
2325 5486 2902 5570 Βθειπαρειδέδωκενε

2201 5561 2292 5633 77)
2324 5559 2584 5633 Anglia,
2607 5561 2846 5633 Ἀρειος.
2893 5560 3052 5618 Infra
3099 5561 3260 5618 idem
3290 5562 3551 5631 Μωϋσῆς.
3582 5559 3773 5621 Paulo

2109 5635 2236 5705 post
2267 5631 2408 5706 Reg.
2429 5631 2588 5714 ίπαρά
2613 5631 2722 5690 τῶν
2757 5638 2879 5708 ζητ.
