4132 6396
369 293 487 355 δτι

1565 289 1961 353 APOLOGIA
2004 290 2107 350 DE
2154 290 2364 352 FUGA
2409 291 2585 353 SUA.

3664 295 3785 358 678

371 421 571 496 λαίοις,
602 423 690 480 καὶ
722 446 783 481 ου
814 420 1130 500 παρέδωκαν
1163 422 1386 486 ἑαυτοὺς
1426 427 1505 495 τῷ
1554 418 1763 499 ’Δχαάϐ
1798 440 1811 453 ·
1860 425 2021 476 τοῦτο

2151 423 2374 479 Achabo
2408 440 2522 479 non
2555 424 2921 494 dediderint;
2958 425 3166 482 fuisset
3215 427 3371 483 enim
3405 427 3546 484 illud
3582 433 3787 485 contra

371 515 473 588 γὰρ
502 515 567 583 ἦν
600 513 765 570 πάλιν
798 516 925 591 παρ’
958 512 1183 583 έντολήν
1217 518 1410 585 ποιεῖν,
1441 511 1714 587 λεγούσης
1754 520 1854 581 τῆς
1888 519 2021 586 Γρα-

370 610 476 680 φῆς
506 621 519 633 ·
554 603 662 658 Ούκ
693 603 1033 680 ἐκπειράσεις
1066 603 1258 677 Κύριον
1290 603 1382 658 τὸν
1420 602 1547 657 Θεόν
1579 622 1695 657 σου.

441 694 535 749 26ι
562 698 732 747 Τοῦτο
805 698 934 768 γοῦν
1014 688 1418 765 εὐλαϐούμενος
1480 692 1655 766 κάγὼ,
1709 691 1796 745 καὶ
1858 694 2024 744 ταῦτα

375 782 557 854 μαθὼν
609 785 742 856 (78),
789 782 960 845 οὕτως
1011 783 1240 855 ἐμαυτὸν
1292 779 1526 856 ἤγαγον,
1576 779 1666 835 καί
1714 780 1813 834 ούκ
1857 781 2025 834 ἀθετῶ

369 871 469 938 τὴν
522 871 595 933 εἰς
644 870 740 945 ἐμὲ
787 873 1111 945 γενομένην,
1145 872 1289 945 παρὰ
1336 876 1432 924 τοῦ
1485 868 1681 945 Κυρίου
1742 871 1902 943 χάριν
1934 869 2023 922 καὶ

375 960 647 1034 βοήθειαν,
696 959 789 1015 κᾶν
850 962 999 1016 οὗτοι
1064 960 1381 1034 μαινόμενοι
1439 958 1664 1033 τρίζωσι
1725 960 1835 1031 (79)
1893 957 2019 1019 τοὺς

375 1046 596 1111 ὀδόντας
651 1051 766 1104 καθ’
824 1052 1006 1122 ἡμῶν.
1040 1050 1139 1105 Καὶ
1197 1050 1299 1125 γὰρ
1359 1054 1607 1110 τοιοῦτος
1640 1049 1667 1103 ὁ
1697 1047 1899 1123 τρόπος
1924 1053 2025 1115 τῆς

374 1137 775 1212 ἀναχωρήσεως
808 1140 967 1211 ἡμῶν
1014 1137 1226 1213 γέγονε,
1260 1138 1351 1191 καὶ
1399 1139 1643 1211 ἡγοῦμαι
1708 1133 1848 1208 μηδὲ
1904 1134 2025 1207 μίαν

372 1225 538 1294 αὐτὴν
582 1224 731 1301 ἔχοιν
771 1227 975 1300 μέμψιν
1017 1234 1141 1303 παρ’
1172 1228 1251 1288 οἷς
1290 1226 1427 1281 ἐστιν
1464 1227 1492 1281 ὁ
1524 1224 1793 1300 λογισμὸς
1825 1226 1984 1299 ὑγιής
2008 1240 2022 1256 ⁶

373 1313 576 1389 ὅπουγε
616 1317 750 1370 κατὰ
776 1318 875 1385 τήν
908 1317 1051 1370 θείαν
1082 1318 1298 1394 Γραφήν
1352 1316 1509 1377 οὗτος
1558 1318 1692 1389 ἡμῖν
1735 1315 1882 1389 παρά
1917 1319 2022 1368 τῶν

376 1402 545 1478 ἁγίων
578 1404 654 1467 εἷς
685 1401 1033 1460 διδαπαλὶαν
1068 1406 1095 1459 6
1124 1405 1292 1467 τύπος
1331 1401 1627 1481 παρεδόθη.
1665 1401 1821 1457 Ἀλλ’
1853 1403 2022 1473 οὗτοι,

375 1494 449 1555 ὡς
499 1490 697 1564 ἔοικεν,
729 1490 853 1548 οὔτε
897 1515 949 1548 τι
994 1496 1108 1567 (80)
1156 1498 1264 1548 τῶν
1318 1491 1647 1566 ἀτολμήτων
1696 1497 2024 1566 παρορῶσιν,

374 1579 497 1637 οὕτε
525 1580 961 1657 παραλιμπάνειν
994 1605 1045 1638 τι
1083 1582 1395 1657 βούλονται,
1428 1584 1457 1637 ὃ
1493 1584 1567 1656 μὴ
1609 1583 1708 1650 τήν
1758 1580 2025 1653 πονηρίαν

374 1670 550 1726 αὐτῶν
599 1669 689 1726 καί
742 1674 841 1742 τὴν
890 1672 1156 1745 ὠμότητα
1200 1670 1451 1729 δείκνυσι.
1486 1672 1585 1726 Καὶ
1634 1672 1736 1745 γὰρ
1793 1670 1882 1725 καὶ
1915 1672 2027 1743 (81)

376 1762 405 1815 ὁ
441 1760 557 1835 βίος
590 1760 765 1816 αὐτῶν
794 1761 1043 1824 τοιοῦτός
1076 1760 1361 1831 ἐστιν,οἷοί
1386 1760 1485 1814 εἰσι
1508 1760 1697 1831 καὶτῷ
1721 1762 2028 1837 φρονήματι

375 1851 466 1905 καὶ
494 1856 611 1913 ταῖς
645 1849 935 1928 φλυαρίαις
956 1873 967 1885 ·
989 1851 1075 1905 καὶ
1099 1850 1197 1904 ούκ
1218 1850 1274 1904 ἂν
1309 1847 1453 1903 εἷ’ποι
1481 1870 1565 1911 τις
1588 1853 1811 1903 τοιαῦτα
1832 1849 1920 1903 καὶ
1940 1870 2031 1903 το-

376 1945 542 1993 σαῦτα
570 1942 683 1993 κατ’
716 1940 911 2011 ούτῶν,
928 1941 1015 1993 οἷα
1036 1938 1123 1994 καί
1149 1942 1260 2012 (8‘2)
1292 1937 1390 1993 ὅσα
1410 1944 1735 2013 πράττοντες
1762 1937 1913 1992 αὐτοὶ
1933 1938 2031 1992 ούκ

373 2029 743 2103 αἰσχύνονται·
776 2030 833 2079 Ὁ
864 2028 955 2100 μὲν
989 2030 1093 2104 γὰρ
1127 2027 1380 2089 Λεόντιος
1424 2023 1863 2100 διαϐαλλόμενος
1899 2028 2031 2099 μετὰ

373 2116 626 2185 γυναικός
655 2137 803 2178 τινος
824 2115 1401 2192 νεωτέρας,λεγομένη
1424 2139 1447 2179 ς
1475 2115 1771 2172 Εὐστολίου
1792 2117 2029 2189 (83),καὶ

372 2205 727 2280 κωλυόμενος
758 2212 1021 2261 συνοικεῖν
1056 2203 1300 2279 αύτῇ,δι’
1324 2206 1488 2275 αύτήν
1521 2204 1705 2260 ὲαυτὸν
1741 2205 2025 2278 ἀπέκοψεν,

368 2295 440 2351 'iv’
475 2295 557 2351 ἐπ’
585 2293 766 2357 ἀδείας
800 2294 902 2370 ἔχῃ
935 2290 1229 2371 διατρίϐειν
1268 2297 1382 2368 μετ’
1410 2295 1602 2363 αὐτῆς.
1638 2294 1735 2348 Καὶ
1766 2295 1867 2363 τήν
1935 2294 2028 2366 μὲν

376 2386 609 2459 ὑποψίαν
668 2384 766 2439 οὐκ
821 2383 1140 2456 ἀπενίψατο,
1173 2382 1262 2438 διὰ
1312 2388 1475 2438 τοῦτο
1538 2382 1595 2437 δὲ
1655 2380 1895 2455 μᾶλλον,
1942 2382 2031 2435 καὶ

372 2469 736 2549 πρεσϐύτερος
786 2471 884 2543 ὢν,
913 2474 1180 2547 καθῃρέθη
1218 2491 1230 2504 ·
1285 2473 1329 2527 εἷ
1382 2474 1471 2527 καὶ
1516 2472 1886 2533 Κωνστάντιος
1917 2474 2031 2544 (84)

377 2564 405 2618 6
434 2563 700 2637 αἱρετικὸς
734 2557 985 2617 ἐϐιάσατο
1017 2560 1267 2636 λέγεσθαι
1319 2561 1476 2616 αὐτὸν
1531 2562 1853 2619 ἐπίσκοπον.
1886 2562 1942 2613 Ὀ
1975 2558 2033 2615 δὲ

378 2652 677 2726 Νάρκισσος
727 2649 872 2706 ἄλλα
924 2672 982 2705 τε
1037 2649 1225 2705 πολλᾶ
1273 2652 1412 2705 κακὰ
1444 2649 1614 2726 ἔχων,
1644 2651 1734 2705 καὶ
1764 2650 1944 2724 τρίτον
1978 2650 2028 2705 ἐν

379 2737 660 2819 διαφόροις
691 2738 941 2803 συνόδοις
970 2741 1235 2816 καθῃρέθη
1267 2762 1278 2773 ·
1329 2738 1417 2794 καὶ
1467 2745 1558 2794 νῦν
1604 2740 1765 2802 αὐτός
1809 2739 1949 2794 ἐστιν
1982 2740 2033 2794 έν

379 2830 559 2892 αὐτοῖς
632 2831 659 2884 ὁ
717 2829 1128 2905 πονηρότατος’
1192 2831 1218 2883 6
1281 2828 1338 2883 δὲ
1417 2830 1689 2904 Γεώργιος
1750 2831 1885 2903 (85),
1941 2829 2031 2883 καὶ

377 2915 738 2996 πρεσϐύτερος
776 2920 869 2992 μὲν
900 2917 996 2989 ὣν,
1031 2917 1119 2973 διὰ
1149 2920 1249 2987 τήν
1281 2918 1469 2973 κακίαν
1527 2918 1691 2973 αὐτοῦ
1739 2919 2030 2993 καθῃρέθη,

376 3009 466 3064 καὶ
498 3008 766 3081 ὀνομάσας
800 3006 856 3063 δὲ
887 3009 1071 3063 ἑαυτὸν
1103 3007 1420 3075 ἐπίσκοπον,
1453 3005 1604 3062 οὐδὲν
1652 3011 1813 3076 ἦττον
1865 3006 2030 3061 πάλιν

377 3098 641 3172 καθῃρέθη
676 3097 726 3151 ἐν
768 3101 837 3171 τῇ
878 3099 1013 3152 κατὰ
1072 3094 1343 3169 Σαρδικήν
1373 3100 1485 3169 (86)
1522 3095 1732 3171 μεγάλῃ
1780 3094 1989 3168 συνόδῳ
2016 3116 2028 3129 ·

2136 518 2487 584 praeceptum
2520 531 2706 585 agere,
2742 514 2973 571 dicente
3020 516 3321 588 Scriptura
3355 535 3367 571 :
3400 519 3516 572 Non
3545 518 3787 574 tentabis

2134 603 2426 657 Dominum
2454 604 2624 657 Deum
2652 607 2812 659 tuum
2842 604 2907 659 ³ο.

2206 692 2295 743 26.
2330 692 2391 745 Id
2424 708 2527 763 ego
2557 694 2776 748 veritus
2808 697 2867 749 et
2919 693 3041 749 haec
3072 694 3335 765 edoctus,
3366 693 3449 750 ita
3495 697 3787 768 agendum

2135 779 2355 849 putavi,
2389 796 2493 835 nec
2524 798 2805 851 aspernor
2854 782 3104 852 gratiam
3137 788 3195 838 et
3223 801 3391 855 opem
3424 785 3569 840 mihi
3614 803 3648 840 a
3676 786 3789 841 Do-

2137 865 2295 921 mino
2344 869 2661 938 przsstitam
2689 886 2701 925 :
2727 870 3067 925 etiamsiilli
3096 871 3399 927 furibundi
3431 874 3706 929 dentibus
3729 875 3789 929 in

2136 973 2242 1010 nos
2273 958 2576 1012 strideant.
2612 959 2691 1013 Ea
2721 961 2877 1014 enim
2924 960 3033 1014 fuit
3080 960 3264 1016 nostri
3297 978 3566 1018 secessus
3599 964 3745 1019 ratio
3772 982 3785 1031 ;

2136 1060 2241 1099 nec
2262 1046 2512 1101 arbitror
2532 1046 2713 1102 ullam
2746 1048 2853 1103 hac
2874 1049 2933 1102 in
2960 1066 3022 1103 re
3047 1049 3277 1122 culpam
3295 1068 3423 1106 esse
3444 1053 3600 1123 apud
3632 1069 3787 1108 sanae

2138 1135 2352 1189 mentis
2375 1135 3503 1209 homines,quandoquidem,secundum
3531 1140 3789 1198 divinam

2134 1223 2514 1294 Scripturam,
2548 1225 2656 1281 hoc
2686 1226 3015 1298 exemplum
3050 1228 3217 1284 nobis
3269 1246 3302 1284 a
3332 1230 3554 1285 sanctis
3586 1231 3661 1286 ad
3691 1232 3783 1286 in-

2137 1312 2505 1368 stitutionem
2538 1314 2821 1369 traditum
2870 1320 2977 1370 est.
3014 1317 3223 1372 Verum
3273 1316 3413 1384 illis,
3440 1323 3507 1373 ut
3534 1319 3788 1389 videtur,

2136 1400 2282 1454 nihil
2305 1401 2605 1470 inausum,
2633 1402 2775 1457 nihil
2800 1420 2915 1459 non
2936 1409 3224 1460 tentatum
3246 1410 3355 1474 est,
3384 1422 3574 1478 neque
3604 1407 3788 1464 ullam

2138 1488 2374 1544 malitiae
2405 1490 2891 1564 crudelitatisque
2914 1510 3030 1549 suae
3061 1497 3590 1551 commonstrandaa
3615 1498 3793 1554 ratio-

2137 1595 2271 1634 nem
2311 1581 2787 1650 praetermittunt.
2822 1583 3125 1654 Ejusmodi
3174 1584 3390 1657 quippe
3437 1601 3639 1641 eorum
3671 1586 3791 1642 vita

2138 1672 2244 1734 est,
2279 1670 2611 1739 cujusmodi
2644 1674 2783 1725 sunt
2813 1688 3015 1727 eorum
3039 1673 3330 1728 sententia
3357 1673 3409 1728 ei
3431 1674 3747 1746 garrulitas
3775 1691 3789 1730 :

2138 1773 2327 1829 neque
2362 1767 2561 1830 posset
2591 1761 2888 1832 quispiam
2943 1767 3062 1817 tam
3094 1762 3283 1819 multa
3328 1767 3567 1835 tamque
3596 1766 3795 1837 gravia

2139 1851 2341 1902 contra
2362 1847 2493 1903 illos
2507 1848 2923 1921 dicere,qualia
2939 1856 3275 1924 quantaque
3297 1854 3451 1909 266
3476 1853 3559 1908 illi
3573 1855 3796 1926 absque

2142 1936 2259 1993 ullo
2304 1938 2514 1993 rubore
2563 1945 2919 2011 perpetrant.
2955 1941 3099 1996 Nam
3156 1942 3432 1997 Leontius
3483 1948 3796 2000 accusatus

2142 2026 2297 2096 quod
2331 2043 2465 2081 cum
2490 2027 2727 2096 juniore
2755 2030 3009 2100 quadam
3043 2030 3287 2087 muliere
3329 2038 3663 2088 versaretur
3691 2050 3794 2089 no-

2142 2115 2300 2170 mine
2350 2116 2631 2183 Eustolio,
2688 2118 3135 2191 prohibitusque
3187 2137 3321 2175 cum
3371 2120 3471 2177 illa
3510 2121 3795 2191 habitare,

2142 2220 2268 2259 sese
2309 2206 2602 2272 castravit,
2638 2223 2753 2277 quo
2785 2207 2896 2263 sibi
2949 2225 3083 2263 cum
3115 2208 3215 2264 illa
3245 2210 3473 2265 vivendi
3524 2215 3678 2267 esset
3708 2213 3799 2267 fa-

2141 2293 2348 2348 cultas.
2379 2294 2576 2366 Neque
2609 2300 2804 2351 tamen
2838 2296 2921 2351 ita
2952 2313 3081 2353 eam
3133 2298 3343 2354 levavit
3373 2299 3794 2370 suspicionem,

2141 2399 2207 2437 ea
2239 2382 2397 2438 enim
2430 2384 2681 2440 maxime
2730 2386 2799 2441 de
2853 2403 3049 2453 causa,
3103 2388 3408 2459 presbyter
3453 2406 3588 2444 cum
3620 2394 3795 2457 esset,

2143 2472 2458 2528 damnatus
2491 2474 2910 2546 depositusque
2958 2481 3047 2531 est
3078 2495 3096 2530 :
3126 2477 3361 2532 tametsi
3413 2478 3795 2534 Constantius

2142 2560 2450 2618 haereticus
2482 2563 2536 2617 vi
2563 2568 2619 2618 et
2649 2569 2931 2635 potestate
2963 2582 3071 2620 sua
3100 2564 3246 2620 illud
3279 2566 3489 2636 effecit,
3518 2572 3584 2621 ut
3613 2567 3662 2622 is
3695 2584 3799 2623 n0-

2145 2651 2469 2706 minaretiir
2490 2653 2822 2725 episcopus.
2848 2654 3159 2710 Narcissus
3190 2671 3321 2711 vero
3353 2656 3424 2710 ad
3457 2655 3645 2711 multa
3661 2656 3791 2727 qui-

2144 2740 2254 2795 bus
2284 2745 2559 2796 oneratus
2590 2748 2679 2797 est
2712 2742 2886 2809 mala,
2918 2748 3007 2798 ter
3046 2743 3105 2798 in
3139 2743 3383 2799 diversis
3416 2744 3655 2817 synodis
3686 2746 3789 2801 de-

2142 2829 2370 2899 positus
2400 2834 2508 2895 est,
2541 2831 2693 2901 apud
2728 2830 2858 2887 illos
2890 2836 3085 2887 tamen
3135 2833 3313 2904 degit,
3346 2834 3615 2889 omnium
3647 2851 3790 2890 sane

2143 2917 2945 2993 sceleratissimus.Georgius
2968 2921 3440 2993 item,presbyter
3462 2940 3591 2978 cum
3616 2929 3792 2991 esset,

2144 3007 2540 3079 improbitatis
2572 3027 2690 3063 suae
2715 3026 2893 3065 causa
2914 3012 3249 3081 depositus;
3284 3027 3418 3065 cum
3448 3029 3573 3067 sese
3598 3016 3797 3069 tamen

2144 3097 2484 3168 episcopum
2507 3098 2892 3164 nominasset,
2909 3099 3119 3155 iterum
3135 3101 3440 3156 abdicatus
3456 3105 3544 3156 est
3559 3101 3616 3155 in
3634 3118 3797 3175 mag-

378 3186 496 3264 ἔχει
526 3182 585 3243 δέ
611 3209 663 3242 τι
691 3185 781 3241 καὶ
811 3184 1001 3255 πλέον,
1029 3185 1112 3241 ὅτι
1136 3186 1225 3240 καὶ
1262 3190 1363 3254 ζῶν
1398 3185 1622 3247 ἀσώτως
1656 3184 1755 3239 ούκ
1802 3180 1987 3239 ἔλαθεν
2011 3204 2024 3216 ·

2151 3202 2217 3239 na
2237 3186 2564 3241 Sardicensi
2590 3188 2941 3258 synodo.Cui
2963 3188 3021 3242 id
3046 3205 3277 3259 quoque
3300 3189 3453 3245 inest
3476 3189 3798 3261 mali,quod

380 3275 526 3332 ἀλλὰ
559 3276 648 3331 καὶ
696 3277 841 3350 παρὰ
887 3280 991 3329 τῶν
1042 3274 1257 3329 οἷ’κείων
1307 3275 1767 3349 καταγινώσκεται
1800 3276 1934 3347 (87),
1967 3275 2028 3327 τὸ

376 3364 538 3427 τέλος
587 3369 685 3419 τοῦ
737 3368 831 3439 ζῇν
880 3363 968 3418 καὶ
1019 3365 1119 3433 τὴν
1166 3362 1419 3437 εὐθυμίαν
1456 3361 1507 3417 ἐν
1547 3368 1667 3424 τοῖς
1722 3361 2027 3437 αἰσχίστοις

385 3458 593 3529 μετρῶν
604 3498 617 3511 .

591 3546 613 3564 η
958 3542 973 3559 ι
1104 3539 1133 3560 γ
1270 3540 1284 3561 \
1377 3538 1401 3559 ν
1769 3547 1790 3557 ν
1871 3542 1883 3563 τ

450 3548 541 3602 27.
617 3549 858 3606 Εκαστος
920 3563 1013 3617 μεν
1074 3563 1165 3595 ουν
1222 3562 1314 3596 τον
1375 3561 1554 3617 ετερον
1602 3540 1652 3595 έν
1702 3563 1818 3603 τοις
1873 3539 2030 3603 ιδίοις

381 3631 698 3689 πλέονεκτεῖ
740 3638 967 3694 κακοῖς⁶
1021 3632 1203 3693 κοινὸς
1250 3630 1307 3685 δὲ
1364 3629 1559 3691 σπῖλός
1621 3630 1759 3685 ἐστιν
1823 3631 2027 3703 αὐτοῖς,

384 3724 467 3778 ὅτι
521 3723 619 3792 τὴν
680 3719 882 3797 α’ίρεσίν
939 3719 1039 3774 εἰσι
1268 3720 1666 3795 Χριστομάχοι,
1706 3720 1794 3774 καὶ
1853 3720 2032 3774 οὐκέτι

384 3812 717 3889 Χριστιανοὶ,
768 3808 912 3864 ἀλλὰ
959 3806 1171 3883 μᾶλλον
1225 3810 1492 3885 Ἀρειανοὶ
1539 3806 1852 3866 καλοῦνται.
1894 3809 2032 3864 Ἰδοὺ

381 3906 549 3956 ταῦτα
580 3895 896 3956 διαϐάλλειν
931 3897 1125 3960 αὐτοὺς
1166 3895 1310 3953 ἔδει·
1360 3896 1631 3972 ἀλλότρια
1676 3899 1778 3973 γὰρ
1827 3906 1926 3968 τῆς
1978 3898 2029 3953 ἐν

382 3995 598 4067 Χριστῷ
652 3988 887 4051 πίστεώς
947 3987 1109 4044 ἐστιν.
1171 3984 1347 4041 Ἀλλά
1396 3991 1563 4042 ταῦτα
1626 3988 1721 4061 μὲν
1781 3985 1849 4042 δι’
1910 3989 2033 4043 ἐαυ-

382 4079 515 4143 τοὺς
546 4081 659 4154 (89)
688 4078 1014 4154 κρύπτουσιν
1044 4096 1056 4108 '
1091 4074 1244 4132 οὐδὲν
1281 4074 1337 4131 δὲ
1363 4078 1666 4150 θαυμαστὸν
1697 4077 1763 4147 εἰ,
1796 4082 2033 4133 τοιοῦτοι

385 4164 534 4231 ὄντες
599 4173 679 4241 τῷ
745 4169 1079 4246 φρονήματι,
1124 4168 1215 4221 καὶ
1273 4165 1545 4229 τοιούτοις
1599 4165 2036 4241 συμπλεκόμενοι

1628 4260 1653 4271 ν

384 4262 595 4328 κακοῖς,
624 4256 753 4319 τοὺς
805 4258 879 4331 μὴ
930 4256 1323 4333 συντρέχοντας
1371 4255 1545 4311 αὐτῶν
1588 4260 1657 4329 τῇ
1716 4252 2037 4331 ἀσεϐεστάτῃ

388 4347 590 4419 αἱρέσει
622 4343 910 4407 διώκοντες
944 4348 1203 4414 ζητοῦσι·
1236 4343 1325 4398 καί
1376 4345 1718 4418 ἀναιροῦντες
1766 4347 1857 4418 μὲν
1910 4346 2037 4421 χαί-

391 4457 566 4513 ρουσι,
590 4436 664 4508 μὴ
696 4435 1061 4511 τυγχάνοντες
1095 4430 1153 4487 δὲ
1181 4434 1256 4488 ὧν
1290 4429 1882 4509 εὕχονται,λυποῦνται
1904 4438 2037 4509 (90),

462 4546 507 4581 ⁸ο
542 4548 703 4599 Deut.
736 4561 815 4611 v1,
852 4544 951 4611 16;
984 4542 1189 4598 Matth.
1218 4559 1295 4611 1v,
1325 4543 1379 4599 7.

462 4652 576 4719 (78)
607 4648 860 4721 Anglic.,
888 4647 1187 4721 μανθάνειν,
1221 4649 1518 4704 mendose.

606 4718 856 4803 énglic"
888 4718 1159 4803 τρίζουσι..
1393 4786 1417 4803 ν
1611 4792 1650 4803 ﬁ
1828 4788 1851 4803 ν

490 4786 580 4865 80)
615 4786 755 4865 Reg.
789 4786 963 4864 queri)
996 4786 1323 4865 sequimur,
1357 4786 1574 4865 03121:.
1611 4792 1759 4847 Editi
1792 4788 1933 4865 οὔτε.

490 4800 580 4865 8υ)
615 4800 763 4920 Hegi
789 4810 963 4864 quem
996 4800 1323 4874 sequimur,
1357 4800 1574 4873 οὐτετι.
1611 4800 1759 4847 Editi
1792 4800 1933 4848 οὔτε.

464 4800 856 4989 ἓὶῗὸδέιῖοςρε.
891 4869 949 4920 et
992 4863 1218 4935 Anglic.
1271 4866 1336 4919 In
1364 4864 1535 4919 editis
1585 4880 1717 4920 vero
1747 4864 1837 4917 καί
1886 4866 2047 4919 deest

396 4941 531 4993 ante
562 4941 590 4989 ὁ
628 4941 744 4996 βίος
757 4977 769 4990 .

490 5010 582 5079 82)
614 5004 763 5076 Haec,
798 5008 887 5060 οἷα
914 5004 1027 5073 καί,
1061 5007 1277 5062 desunt
1303 5006 1365 5079 in,
1392 5006 1618 5079 Anglis.

490 5010 582 5079 8'2)
614 5010 763 5076 Haec,
798 5010 887 5060 οἷα
914 5010 1027 5073 καί,
1061 5010 1277 5062 desunt
1303 5010 1359 5059 in
1392 5010 1618 5078 Anglis.

468 5010 583 5152 (83)
614 5080 711 5134 Sic
741 5095 945 5152 omnes
977 5095 1148 5152 mss._
1172 5083 1230 5133 et
1257 5078 1425 5152 edit;
1449 5078 1671 5152 Qogmm.
1706 5084 1763 5134 et
1793 5078 2047 5152 italegi-

396 5149 495 5208 tnr
542 5149 697 5206 infra
745 5151 804 5205 in
853 5151 1027 5221 Epist.
1078 5149 1148 5205 ad
1188 5150 1334 5205 salit.
1388 5149 1549 5221 Editi
1583 5166 1713 5207 vero
1762 5149 2051 5214 Parisfet

396 5224 618 5294 Theod.
654 5223 808 5294 apud
828 5220 1014 5294 quem
1061 5221 1183 5277 haec
1225 5220 1576 5294 leguntur}.
1614 5240 1674 5293 ii,
1708 5240 1757 5279 c.
1790 5224 1879 5293 24,
1914 5220 2049 5274 E60-

394 5293 609 5355 τολίας.
639 5288 785 5349 Πίὶἀ.
818 5288 1044 5364 Αἶὶεὶὶϐ.
1077 5288 1601 5364 κεκωλυῙλ-ένοςγοῦν.

470 5368 583 5439 (84)
635 5366 859 5439 Anglic.
906 5360 1386 5439 καθῃρέθη-ὁδε
1434 5363 1761 5436 Νάρκισσος,
1815 5365 2051 5420 omissis

399 5416 803 5505 inicrmediig:
889 5436 982 5507 _i_ta
1010 5416 1465 5507 iiigit'Nannius.

472 5512 586 5581 (85)
616 5502 791 5581 Basili.
825 5507 853 5560 6
885 5502 944 5581 δέ
971 5526 1042 5581 γε,
1066 5502 1358 5581 Γεώργιος.

621 5574 1096 5662 ᾒεεε.“Σερδιὶι]ιςνΣ
1154 5574 1313 5662 [diem
1360 5578 1515 5662 infra
1562 5578 1721 5662 ᾜχει
1765 5574 1821 5662 δέ
1862 5596 1940 5662 1i“

401 5646 594 5725 πλέον’,
627 5646 737 5711 δτιῖ
762 5646 937 5710 Basil.
971 5646 1039 5708 et
1068 5649 1236 5727 Angl.
1271 5647 1355 5703 ὅτι
1401 5646 1490 5704 καί
1540 5646 1731 5726 πλέόν,
1764 5647 1867 5707 ὅτι.
1901 5650 2055 5707 Editi

2072 4556 2119 4620 D

2139 3290 2274 3329 cum
2321 3274 2780 3347 intemperanter
2825 3277 3002 3345 vivat,
3044 3293 3148 3333 nec
3196 3278 3254 3331 id
3306 3295 3485 3350 agens
3536 3277 3733 3348 lateat,
3765 3296 3801 3335 a

2140 3363 2265 3418 suis
2297 3380 2530 3435 quoque
2581 3364 2966 3435 improbatur,
3002 3367 3157 3438 quod
3188 3366 3321 3423 vita:
3368 3367 3545 3423 finem
3586 3372 3643 3423 et
3672 3368 3798 3423 ani-

2142 3452 2222 3506 mi
2253 3452 2743 3524 tranquillitatem
2784 3454 2961 3510 rebus
2992 3455 3357 3527 turpissimis
3389 3456 3686 3513 metiatur.

2210 3542 2300 3597 27.
2334 3541 2497 3597 Alter
2524 3542 2705 3614 igitur
2734 3543 2983 3598 alteriim
3018 3544 3142 3600 suis
3175 3545 3494 3601 sceleribus
3517 3551 3794 3619 superat:

2142 3631 2475 3686 communis
2506 3640 2697 3687 autem
2720 3633 2985 3688 omnium
3010 3649 3077 3689 ea
3106 3638 3196 3689 est
3227 3634 3480 3704 macula,
3501 3638 3656 3707 quod
3684 3637 3800 3692 hae-

2143 3720 2290 3775 resis
2312 3737 2431 3775 suae
2454 3737 2631 3775 causa
2653 3721 2712 3775 in
2735 3721 3033 3777 Christum
3062 3724 3384 3778 decertent:
3414 3740 3518 3780 nec
3542 3725 3798 3797 amplius

2144 3809 2481 3877 Christiani,
2513 3811 2613 3865 sed
2646 3809 2840 3880 potius
2870 3810 3070 3866 Ariani
3102 3817 3401 3867 vocantur.
3437 3812 3533 3867 Nae
3564 3813 3647 3868 illi
3673 3815 3796 3869 haec

2144 3899 2451 3953 traducere
2502 3899 2863 3971 debuissent,
2900 3916 3037 3955 nam
3068 3918 3102 3956 a
3131 3901 3463 3957 Christiana
3514 3903 3627 3958 {ide
3657 3907 3799 3959 sunt

2145 3986 2355 4043 aliena.
2389 3990 2461 4042 At
2499 3987 2618 4043 haec
2660 3990 2974 4061 occultant,
3000 3991 3156 4062 quod
3188 3992 3260 4055 ad
3293 4008 3433 4046 suos
3464 3992 3751 4047 attineant
3782 4008 3796 4048 :

2147 4075 2410 4147 nihilque
2437 4076 2654 4132 mirum
2688 4078 2736 4133 si
2768 4095 2905 4133 cum
2954 4080 3062 4134 hac
3094 4078 3213 4133 sint
3265 4080 3577 4147 sententia,
3600 4085 3803 4153 totque

2147 4163 2524 4237 implicentur
2543 4164 2838 4232 malis,eos
2868 4167 2969 4237 qui
3000 4184 3115 4223 non
3137 4184 3337 4224 secum
3357 4168 3421 4223 in
3449 4168 3806 4240 impiissima

2148 4271 2257 4310 sua
2287 4253 2493 4310 haeresi
2527 4255 2899 4326 conveniunt,
2922 4262 3351 4328 persequantur
3380 4261 3436 4313 et
3467 4257 3799 4329 inquirant:

2148 4348 2206 4399 et
2236 4344 2305 4409 si,
2342 4361 2474 4399 cum
2502 4343 2631 4398 illos
2655 4344 3022 4415 sustulerint,
3046 4348 3345 4417 gaudeant
3373 4365 3385 4402 :
3419 4347 3466 4402 si
3501 4363 3634 4402 vero
3657 4363 3805 4419 quos

2150 4438 2446 4506 exoptant,
2479 4450 2593 4489 non
2647 4434 3162 4506 apprehenderint,
3199 4436 3449 4507 doleant,
3485 4453 3551 4492 ac
3602 4453 3804 4492 secum

2154 4646 2246 4722 δἐι⁵
2264 4646 2364 4722 καὶ,
2380 4643 2546 4722 πλέον
2575 4669 2650 4702 τι.
2684 4647 2850 4722 Prior
2879 4647 3048 4705 lectio
3094 4653 3348 4721 praestat.
3382 4650 3514 4706 Mox
3556 4649 3646 4703 καί
3676 4655 3809 4722 post

2158 4717 2303 4773 ἀλλά
2334 4720 2497 4775 deest
2529 4721 2585 4775 in
2620 4720 2791 4791 Angl.

2228 4793 2340 4863 (87)
2392 4792 2665 4865 Anglic”,
2698 4790 3177 4865 καταγινώσκεται.
3242 4794 3501 4853 Ἕκαστος
3555 4791 3647 4865 μὲν
3693 4790 3809 4863 οὖν,

2156 4863 2523 4936 inter-mediis
2554 4864 2811 4933 omissis,
2845 4863 3015 4936 etsic
3047 4864 3267 4936 legerat
3296 4863 3580 4921 Nannius.

2229 4936 2337 5005 (88)
2370 4933 2487 4987 Εἰσι
2522 4936 2754 5008 dpestin
2775 4935 3003 5008 _Anglic.
3037 4932 3214 4991 Pa'ulo
3237 4941 3366 5008 post
3394 4932 3810 5007 idem,x0i)toﬁv-

2154 5002 2519 5083 ται,Τοιοῢτοι
2550 5003 2615 5073 δὴ
2652 5003 2741 5060 δῦν
2773 5002 2918 5066 ὄντες
2947 5010 3026 5077 τῷ
3058 5002 3368 5083 φρονήματι
3397 5007 3487 5083 καὶ
3515 5002 3581 5080 τῇ
3614 5027 3813 5083 προαι-

2161 5074 2320 5151 ρέσει,
2372 5077 2459 5130 καὶ
2508 5077 2722 5154 τού-εεις
2770 5074 3127 5154 aeseptem]
3159 5074 3600 5154 c'iiiiiierérﬁié‘
3632 5074 3814 5154 οέῖσκίῖ

2161 5146 2313 5209 στοις
2329 5154 2539 5225 κακοῖς,
2574 5146 2725 5225 οὐδέν
2760 5146 3061 5220 θαυμαστὸν
3097 5148 3131 5217 ἢ
3164 5146 3463 5225 παράδοξον
3500 5150 3543 5203 εἰ
3568 5149 3700 5225 ,τούς

2161 5219 2551 5296 συντρέχοντας
2604 5220 2692 5274 καὶ
2746 5224 3173 5296 συγκροτοῦντας
3230 5219 3429 5296 αύτῶνᾲ
3461 5225 3529 5295 τῇ
3566 5219 3814 5296 Ἀρειανῇ

2161 5239 2551 5295 συντρεχοντας
2604 5241 2692 5274 και
2746 5239 3173 5347 συγκιροτουντας
3230 5242 3402 5274 αυτων
3461 5242 3527 5295 τῃ

2161 5291 2361 5365 αἱρέσει
2392 5289 2682 5365 διώκοντες
2717 5297 2833 5359 ζητ.
2892 5299 2938 5347 λι
2964 5294 3047 5348 ita
3078 5292 3217 5365 legit
3246 5294 3527 5351 Nannius.

2236 5365 2346 5435 (89)
2378 5364 2469 5418 Sic
2502 5364 2640 5435 Reg.
2678 5365 2826 5435 Editi
2862 5382 3015 5429 vero,
3053 5362 3268 5435 αὐτούς.

2232 5432 2347 5505 (90)
2377 5432 2636 5510 Anglic;
2658 5436 2731 5487 ὧν
2768 5433 3025 5508 εὔχονται
3058 5433 3363 5510 ἀσχάλωᾼσι,
3403 5435 3493 5489 καὶ
3533 5432 3817 5510 Δἱξιειικαίονι-

2161 5526 2248 5558 ται
2300 5504 2427 5578 (sic)
2473 5504 2566 5559 καὶ
2624 5504 2960 5576 λυποῦνται,
3020 5504 3479 5579 καὶᾜομίζουσιν
3522 5504 3816 5565 ἀδικεῖσθαι

2165 5576 2529 5653 ούτωςηῶστε
2572 5578 2775 5653 αὑτοὺς.
2819 5578 2911 5653 μὲν
2962 5576 3324 5653 ιξισθενὲεἷνζΕίἸ
3367 5580 3449 5635 ita.
3485 5579 3630 5653 legit
3660 5579 3819 5638 Nan-

2166 5649 2321 5708 nius.
2354 5650 2463 5708 Sed
2497 5655 2735 5731 praestat
2764 5649 2933 5709 lectio
2964 5650 3126 5729 Regii
3159 5655 3214 5709 et
3237 5649 3550 5712 editorum.
