4132 6374
1208 522 1458 584 EPIST.
1502 522 1607 583 AD
1654 520 2157 584 SERAPIONEM
2207 523 2306 582 DE
2352 523 2625 584 MORTE
2668 523 2854 585 ARII.

3615 520 3736 585 686

1447 841 1589 896 ΤΟΥ
1622 840 1725 894 ΕΝ
1758 839 2011 893 ΔΓΙΟΙΣ
2044 836 2347 891 ΠΑΤΡΟΣ
2380 832 2603 887 ΗΜΩΝ

1546 999 2515 1133 ΑΘΑΝΑΣΙΟΥ

1274 1239 2026 1309 ΑΡΧΙΕΠΙΣΚΟΠΟΥ
2076 1235 2777 1306 ΑΛΕΞΑΝΔΡΕΙΑΣ

1867 1404 2191 1453 ΕΠ)ΣΤΟΛΗ

768 1560 1136 1672 ΠΡΟΣ
1217 1539 2140 1668 ΣΕΡΑΠΙΩΝΑ(⁹⁵)
2222 1560 2500 1667 ΤΟΝ
2586 1551 3270 1664 ΑΔΕΛΦΟΝ.

1120 1895 1268 2059 S.
1320 1903 1483 2054 P.
1536 1900 1720 2054 N.
1864 1897 2946 2058 ATHANASII

1435 2175 2034 2237 ARCHIEPISGOPI
2087 2174 2630 2236 ALEXANDRINI

859 2352 1536 2451 EPISTULA“)
1616 2364 1760 2449 AD
1822 2359 2559 2453 SERAPIONEM
2626 2362 3196 2454 FRATREM.

325 2668 641 2735 Ἀθανάσιος
701 2671 1009 2750 Σεραπίωνι
1084 2668 1306 2750 ᾁδελφῷ
1376 2672 1465 2727 καὶ
1540 2671 2006 2750 συλλειτουργῷμ

2096 2676 2420 2733 Athanasius
2448 2676 2738 2748 Ξεναρίοηί
2765 2678 2933 2747 [miri
2961 2677 3735 2743 etcommz’mstro,mDomino

875 2742 926 2798 έν
961 2743 1147 2819 Κυρίῳ
1176 2742 1412 2819 χαίρειν.

396 2868 446 2922 1.
501 2867 788 2940 Ἐνέτυχον
844 2871 962 2928 τοῖς
1012 2868 1159 2943 παρᾶ
1205 2874 1306 2937 τῆς
1356 2876 1456 2938 σῆς
1506 2865 1793 2932 εὐλαϐείας
1843 2891 1975 2946 γρα-

324 2960 517 3033 φεῖσιν,
550 2954 601 3009 έν
648 2956 733 3017 οἷς
780 2955 1111 3030 προέτρεπες
1163 2958 1313 3029 ἡμᾶς
1360 2959 1427 3011 τά
1455 2978 1515 3011 τε
1539 2961 1655 3012 καθ’
1685 2961 1832 3031 ἡμᾶς
1866 2961 1977 3031 (97)

322 3042 412 3098 καὶ
456 3047 548 3097 νῦν
616 3042 885 3117 γενόμενα
938 3041 1188 3113 δηλῶσαί
1238 3065 1343 3116 σοι,
1397 3046 1485 3099 καὶ
1530 3046 1653 3120 περὶ
1704 3054 1803 3115 τῆς
1855 3047 1975 3101 ἀσε-

323 3126 584 3202 ϐεστάτης
636 3132 893 3207 αἱρέσεως
945 3136 1053 3186 τῶν
1103 3134 1415 3208 Ἀρειανῶν,
1449 3131 1517 3187 δι’
1565 3135 1631 3203 ἢν
1680 3136 1769 3189 καὶ
1813 3140 1978 3189 ταῦτα

322 3220 690 3294 πεπόνθαμεν,
748 3220 838 3275 καὶ
893 3222 1081 3275 ὁποῖον
1144 3219 1271 3297 ἔσχε
1323 3223 1386 3276 τὸ
1453 3220 1614 3284 τέλος
1692 3229 1787 3276 τοῦ
1854 3223 1976 3298 βίου

324 3311 563 3385 Ἀρειος.
595 3313 769 3384 Τριῶν
832 3309 1009 3364 τοίνυν
1072 3306 1240 3365 ὄντων
1298 3315 1405 3364 τῶν
1450 3310 1853 3385 ἐπιταγμάτων,
1910 3314 1977 3365 τὰ

327 3399 420 3472 μὲν
482 3396 577 3453 δύο
635 3398 934 3473 προθύμως
995 3399 1245 3469 ἐποίησα,
1296 3398 1386 3454 καί
1443 3398 1732 3455 ἀπέστειλα
1783 3406 1850 3474 τῇ
1909 3406 1974 3475 σῇ

321 3482 598 3559 θεοσεϐείᾳ
649 3487 783 3561 ἅπερ
835 3482 1047 3563 ἔγραψα
1088 3494 1208 3550 τοῖς
1265 3494 1529 3564 μοναχοῖς
1555 3508 1567 3521 ·
1614 3488 1673 3543 ἐκ
1715 3490 1817 3565 γὰρ
1848 3489 1973 3543 τού-

319 3596 428 3630 των
469 3576 537 3630 τά
578 3596 638 3630 τε
682 3577 798 3630 καθ’
828 3578 977 3647 ἡμᾶς
1023 3577 1113 3630 καὶ
1159 3578 1226 3631 τὰ
1275 3578 1409 3631 κατὰ
1444 3579 1542 3646 τὴν
1590 3576 1791 3653 α’ίρεσιν
1824 3576 1978 3633 δύνα-

322 3684 409 3719 σαι
466 3665 691 3737 μαθεῖν’
741 3663 805 3719 τὸ
854 3662 912 3719 δὲ
957 3662 1162 3741 ἕτερον,
1196 3667 1339 3743 φημὶ
1387 3664 1453 3735 δὴ
1503 3666 1625 3739 περὶ
1674 3671 1770 3720 τοῦ
1822 3668 1976 3721 θανά-

330 3773 454 3823 του,
487 3752 674 3809 πολλὰ
736 3754 829 3827 μὲν
889 3752 1251 3828 ἐλογισάμην,
1303 3749 1706 3828 εὐλαϐούμενος
1767 3758 1841 3829 μὴ
1902 3758 1977 3818 ὡς

337 3836 737 3915 ἐπεμϐαίνοντά
787 3844 853 3916 μέ
896 3864 979 3904 τις
1026 3848 1106 3914 τῷ
1153 3842 1364 3917 θανάτῳ
1408 3848 1504 3898 τοῦ
1554 3845 1839 3920 ἀνθρώπου
1882 3844 1975 3900 λο-

325 3932 583 4007 γίσηται’
614 3930 769 4004 ὅμως
817 3930 895 4001 δὲ,
931 3929 1142 4001 ἐπειδὴ,
1176 3930 1466 4003 διαλέξεως
1512 3936 1807 4008 γενομένης
1855 3936 1980 4007 παρ’

2786 2750 3040 2803 salutem.

2164 2876 2211 2927 1.
2248 2874 2381 2944 Legi
2413 2872 2647 2944 pietatis
2680 2878 2791 2927 tuae
2817 2872 3063 2939 litteras,
3091 2872 3306 2943 quibus
3328 2871 3581 2926 hortaris
3606 2886 3735 2942 nos,

2089 2966 2154 3017 ut
2184 2961 2284 3017 tibi
2308 2979 2435 3033 quae
2458 2978 2565 3016 nos
2579 2966 2865 3033 spectant,
2891 2976 3138 3032 quaeque
3161 2961 3268 3015 hoc
3290 2964 3551 3031 tempore
3574 2964 3739 3031 gesta

2093 3055 2238 3105 sunt
2268 3067 2611 3105 enarremus
2643 3067 2655 3105 :
2690 3054 2747 3105 et
2777 3067 2893 3105 una
2924 3050 3252 3105 scribamus
3282 3048 3353 3103 de
3384 3048 3741 3119 impiissima

2086 3139 2301 3195 Ariana
2330 3138 2557 3203 heresi,
2592 3142 2759 3211 cujus
2792 3156 2970 3193 causa
3012 3138 3133 3192 haec
3165 3136 3320 3191 mala
3348 3136 3731 3207 pertulimus:

2086 3246 2192 3285 nec
2224 3246 2337 3283 non
2373 3230 2648 3300 quisnam
2682 3230 2855 3284 fuerit
2884 3228 3015 3283 vita:
3047 3227 3167 3281 Arii
3196 3226 3405 3281 exitus.
3439 3227 3583 3281 Cum
3614 3226 3729 3281 tria

2087 3319 2266 3390 igitur
2279 3317 2573 3390 postulata
2596 3318 2955 3382 fuerint,duo
2970 3316 3208 3387 quidem
3233 3315 3481 3370 libenter
3493 3330 3731 3371 exsecu-

2086 3411 2182 3461 tus
2212 3424 2366 3475 sum,
2404 3406 2653 3476 misique
2684 3406 2755 3460 ad
2785 3409 2949 3459 tuam
2977 3405 3249 3476 pietatem
3281 3420 3410 3459 mea
3429 3403 3499 3457 ad
3525 3420 3728 3458 mona-

2086 3494 2226 3549 chos
2260 3495 2477 3565 scripta
2506 3512 2517 3549 :
2543 3510 2611 3549 ex
2642 3494 2734 3549 his
2765 3494 2921 3548 enim
2950 3492 3170 3565 poteris
3201 3509 3335 3547 cum
3359 3508 3451 3547 res
3475 3496 3730 3558 nostras,

2085 3588 2211 3637 tum
2246 3598 2344 3637 eas
2371 3599 2498 3653 quas
2522 3583 2591 3636 ad
2608 3581 2873 3636 haeresim
2902 3581 3171 3651 attinent,
3197 3579 3738 3635 ediscere.Terlium

2085 3688 2221 3727 vero
2258 3673 2411 3741 quod
2445 3676 2689 3743 spectat.
2723 3687 2933 3741 nempe
2962 3670 3080 3724 Arii
3114 3672 3385 3736 mortem,
3411 3667 3597 3723 multa
3618 3683 3739 3723 me-

2088 3777 2223 3815 cum
2258 3760 2558 3831 perpendi,
2593 3760 2811 3814 veritus
2830 3775 2901 3813 nc
2925 3774 3017 3813 me
3038 3758 3171 3828 quis
3194 3757 3454 3812 hominis
3476 3757 3739 3812 interitui

2089 3849 2372 3905 insultare
2391 3849 2738 3915 arbitretur;
2762 3852 3165 3903 verumtamen
3184 3844 3742 3917 cum,disputatione

2090 3939 2244 4011 apud
2282 3955 2383 3992 vos
2415 3937 2567 3992 circa
2601 3936 2871 3991 haeresim
2905 3935 3123 4003 habita,
3158 3934 3272 3989 huc
3292 3933 3536 4005 quaestio
3558 3934 3742 3991 desie-

326 4021 455 4094 ὑμῖν
504 4020 628 4095 περὶ
677 4026 781 4089 τῆς
832 4021 1111 4095 αἱρέσεως,
1147 4021 1223 4083 εἷς
1269 4026 1431 4076 τοῦτο
1474 4023 1535 4076 τὸ
1582 4021 1741 4085 τέλος
1789 4021 1974 4095 ἔληξεν

2096 4028 2185 4097 rit,
2239 4043 2383 4081 num
2440 4025 2710 4081 Ecclesia
2761 4024 3173 4080 communione
3216 4024 3464 4093 junctus
3532 4021 3744 4077 obierit

322 4111 359 4179 ἡ
431 4111 679 4181 ζήτησις,
749 4108 795 4163 εί
859 4112 1196 4181 κοινωνήσας
1260 4114 1330 4184 τῇ
1398 4109 1695 4182 Ἐκκλησία
1760 4114 1975 4186 Ἄρειος

323 4196 666 4268 ἐτελεύτησε,
702 4195 791 4252 διὰ
816 4202 1001 4271 τοῦτο,
1035 4198 1112 4261 ὡς
1143 4196 1511 4271 διαλυομένης
1540 4207 1640 4269 τῆς
1695 4203 1973 4270 ζητήσεως

323 4286 385 4343 ὲκ
424 4291 523 4342 τοῦ
572 4286 698 4363 περὶ
726 4290 823 4341 τοῦ
854 4288 1082 4341 Θανάτου
1114 4289 1226 4361 (98)
1258 4285 1626 4362 διηγήματος,
1671 4290 1975 4364 ἀναγκαίως

325 4374 574 4446 δηλῶσαι
649 4373 990 4430 ἐσπούδασα·
1052 4373 1166 4429 ἴσον
1238 4376 1545 4450 ἡγούμενος
1609 4378 1669 4431 τὸ
1738 4385 1977 4450 σημᾶναι

320 4469 510 4536 τοῦτο,
555 4463 645 4518 καὶ
694 4464 756 4518 τὸ
802 4469 1003 4518 παῦσαι
1072 4461 1263 4519 λοιπὸν
1324 4464 1450 4527 τοὺς
1515 4464 1977 4543 φιλονεικοῦντας.

323 4556 603 4629 Ἡγοῢμαι
650 4554 779 4628 γὰρ,
824 4552 930 4622 ὅτι,
979 4554 1317 4628 γνωσθέντος
1364 4559 1460 4607 τοῦ
1498 4555 1622 4630 περὶ
1681 4560 1778 4609 τοῦ
1825 4557 1977 4610 θανά-

323 4663 423 4698 του
481 4640 783 4715 θαύματος,
822 4643 1017 4715 μηκέτι
1080 4639 1221 4714 μηδὲ
1275 4642 1471 4705 αὐτοὺς
1528 4642 1653 4705 τοὺς
1712 4644 1974 4719 πρότερον

332 4730 675 4799 ζητήσαντας
703 4727 915 4803 τολμᾷν
948 4726 1335 4808 ἀμφιϐάλλειν,
1368 4731 1444 4793 ὡς
1487 4734 1784 4807 θεοστυγής
1835 4732 1973 4788 ἐστιν

332 4821 370 4889 ἠ
397 4819 652 4894 Ἀρειανὴ
686 4816 912 4893 α’ίρεσις.

401 4910 459 4964 2.
491 4908 637 4982 Ἐγὼ
689 4910 802 4983 (99)
854 4909 946 4981 μὲν
1003 4907 1064 4963 ού
1112 4910 1375 4985 παρήμην
1436 4908 1486 4963 έν
1546 4915 1977 4965 Κωνσταντινου-

322 4994 516 5065 πόλει,
548 4996 638 5052 ὅτε
696 4996 1040 5066 ἐτελεύτησεν
1097 4996 1299 5060 ἐκεῖνος
1326 5020 1338 5033 ·
1391 4997 1667 5071 Μακάριος
1709 4998 1767 5053 δὲ
1797 5000 1824 5053 ὁ
1855 5020 1979 5072 πρε-

332 5079 597 5159 σϐύτερος
669 5092 869 5159 παρῆν,
925 5085 1175 5141 κάκείνου
1233 5084 1493 5162 λέγοντος
1550 5085 1777 5155 ἤκουσα.
1835 5090 1977 5143 Ἐκέ-

325 5171 507 5244 κλητο
552 5174 647 5247 μὶν
700 5176 847 5251 παρὰ
875 5175 1275 5230 Κωνσταντίνου
1323 5181 1421 5231 τοῦ
1467 5175 1732 5251 βασιλέως
1765 5178 1978 5253 Ἄρειος

328 5260 393 5317 ἐκ
446 5259 689 5332 σπουδῆς
744 5267 854 5317 τῶν
914 5262 1037 5337 περῖ
1094 5259 1389 5320 Εὐσέϐιον⁸
1438 5263 1746 5320 εἰσελθόντα
1799 5263 1856 5321 δὲ
1884 5264 1976 5321 τὸν

326 5352 551 5426 Ἀρειον
610 5352 850 5429 ἀνέκρινε
913 5350 1188 5427 βασιλεὺς,
1219 5354 1265 5408 εἰ
1318 5355 1417 5424 τὴν
1470 5353 1648 5409 πίστιν
1704 5362 1805 5424 τῆς
1852 5356 1980 5409 καθ-

332 5438 534 5512 ολικῆς
566 5439 895 5513 Ἐκκλησίας
927 5436 1045 5517 ἔχει
1068 5461 1082 5473 ·
1115 5443 1276 5505 αὐτός
1308 5464 1367 5498 τε
1388 5445 1465 5517 (1)
1498 5439 1683 5517 ὤμοσε
1711 5446 1975 5499 πιστεύειν

423 5639 495 5694 95

424 5710 496 5765 96

423 5782 495 5836 97

404 5852 494 5926 (98

544 5638 945 5715 Τῇεοάοτθιιιε
974 5638 1170 5715 habet,
1201 5640 1337 5715 πρὸς
1357 5645 1619 5696 Ἀπιωνα.

547 5710 780 5767 Scripta
805 5726 958 5767 anno
982 5711 1107 5766 358.

546 5781 640 5856 Sic
665 5781 806 5856 Beg.
841 5782 996 5856 Editi
1022 5798 1178 5853 vero,
1210 5784 1327 5856 καθ’
1354 5782 1516 5856 ὑμᾶς.

547 5853 641 5914 Sic
672 5852 811 5927 Ριθέι
845 5852 1000 5913 Editi
1030 5870 1186 5927 vero,
1220 5855 1279 5911 ὲκ
1299 5852 1401 5910 τοῦ
1424 5855 1676 5911 θανάτου.

498 5638 517 5925 l

2090 4118 2263 4173 Arius
2288 4141 2301 4182 ;
2334 4116 2573 4179 idcirco,
2594 4130 2727 4169 eum
2748 4130 2815 4168 ex
2837 4114 3030 4169 obitus
3053 4112 3211 4166 illius
3238 4110 3483 4167 historia
3499 4110 3740 4181 quaastio

2090 4208 2371 4271 solvatur,
2400 4220 2637 4259 necesse
2661 4202 2796 4256 duxi
2822 4205 3090 4257 accurate
3116 4218 3237 4256 rem
3260 4200 3425 4256 vobis
3440 4214 3738 4254 enarrare:

2088 4300 2253 4350 ratus
2286 4293 2529 4365 perinde
2564 4309 2692 4347 esse
2724 4291 2831 4345 hoc
2854 4290 3131 4357 indicare,
3166 4295 3338 4360 atque
3370 4288 3737 4358 disputantes
3784 4276 3795 4283 ’

2088 4398 2478 4455 compescere.
2512 4379 2793 4435 Existimo
2825 4378 3005 4443 enim,
3039 4377 3268 4449 cognito
3309 4376 3469 4431 illius
3529 4374 3734 4430 mortis

2089 4470 2394 4540 miraculo,
2427 4486 2499 4524 ne
2528 4486 2628 4523 eos
2660 4467 2899 4538 quidem
2934 4466 3033 4536 qui
3068 4470 3201 4520 ante
3231 4464 3340 4520 hac
3372 4464 3440 4518 de
3472 4481 3531 4518 re
3579 4479 3735 4534 qus:-

2088 4562 2309 4616 stiones
2342 4558 2676 4627 movebant,
2711 4572 2959 4611 ausuros
2991 4553 3145 4609 ultra
3179 4553 3498 4625 ambigere,
3546 4551 3739 4607 Deone

2087 4648 2288 4705 odiosa
2320 4648 2397 4703 sit
2424 4646 2638 4701 Ariana
2662 4643 2921 4699 haeresis.

2156 4921 2212 4973 2.
2256 4914 2540 4987 Equidem
2590 4909 3094 4982 ConstantinOpoli
3151 4925 3262 4963 non
3313 4908 3569 4976 aderam,
3602 4921 3737 4961 cum

2087 5006 2187 5061 ille
2214 5008 2335 5060 vita
2354 5005 2593 5058 functus
2614 5005 2704 5057 est
2729 5018 2742 5056 ε
2768 5000 2869 5056 sed
2887 5000 3086 5054 aderat
3102 4996 3389 5055 Macarius
3414 4994 3735 5067 presbyter,

2090 5113 2123 5151 a
2156 5111 2270 5166 quo
2303 5096 2581 5147 narrante
2614 5105 2735 5145 rem
2771 5086 3045 5159 comperi.
3076 5087 3161 5141 Ab
3193 5086 3541 5155 imperatore
3588 5082 3739 5137 Con-

2090 5181 2346 5236 ztantino
2378 5177 2843 5233 Eusebianorum
2877 5190 3073 5246 opera,
3113 5172 3336 5228 accitus
3385 5168 3561 5223 Arius
3610 5168 3736 5223 fue-

2091 5274 2200 5326 rat:
2227 5270 2561 5339 ingressum
2581 5269 2774 5321 autem
2798 5263 3001 5317 Arium
3023 5262 3343 5333 imperator
3361 5255 3739 5327 interrogavit

2094 5375 2237 5414 num
2263 5356 2531 5412 Ecclesiae
2562 5352 2857 5409 catholicae
2890 5352 3061 5407 fidem
3098 5352 3387 5405 servaret:
3429 5346 3479 5400 is
3508 5360 3643 5401 vero
3673 5359 3738 5400 se

2094 5452 2247 5502 recte
2272 5445 2502 5500 credere
2523 5441 2909 5513 jurejurando
2940 5439 3272 5505 afﬁrmavit,
3298 5452 3363 5492 ac
3384 5432 3737 5505 rescriptum

2163 5644 2274 5715 (99)
2293 5643 2422 5697 Hmc
2444 5641 2737 5715 habentur
2760 5636 2913 5715 apud
2936 5634 3354 5715 Theodoret.,.,
3517 5646 3556 5684 ι.
3578 5626 3740 5715 Hanc

2092 5700 2231 5791 item
2260 5700 2581 5791 historiam
2613 5700 3100 5791 refert-Socrates,
3133 5706 3235 5761 sed
3271 5700 3526 5758 multum
3555 5700 3743 5753 variat

2092 5787 2165 5841 ab
2194 5784 2494 5841 Athanasii
2526 5780 2874 5837 narratione.
2942 5788 3058 5841 τίς,
3209 5808 3271 5843 τι,

2165 5858 2241 5930 (1)
2272 5858 2366 5915 Sic
2400 5850 3117 5927 RegrEditi‘nomhabent
3147 5866 3224 5902 τε.
