4132 6394
356 533 474 602 687

895 540 962 603 S.
1004 540 1434 604 ATHANASII
1476 539 1651 602 OPP.
1695 533 1900 600 PARS
1941 532 1992 594 Ι.
2023 563 2095 578 -
2130 530 2554 598 HISTORICA
2597 534 2697 597 ET
2739 529 3225 599 DOGMATIGA.

3653 531 3778 600 688

355 669 495 729 ﬁdei
531 689 650 729 sua:
681 673 1060 746 tradidit,quo
1091 675 1161 729 iis
1197 674 1512 730 occultatis
1549 688 1798 745 quorum
1829 685 2008 726 causa

2142 663 2320 738 ἱρθῶς,
2380 665 2471 721 καὶ
2546 665 2815 746 ἔγγραφον
2889 663 3186 722 ἐπιδέδωκε
3237 663 3497 742 πίστεως,
3557 665 3773 745 κρύψας

363 761 437 818 ab
469 761 802 819 Alexandro
831 764 1102 837 episcopo
1125 763 1379 819 Ecclesia
1400 763 1607 836 pulsus
1629 762 1836 829 fuerat,
1858 761 2010 815 Scri-

365 854 679 924 pturarum
711 852 885 907 verba
913 853 1116 908 dolose
1161 852 1512 924 proferebat.
1565 851 1709 906 Cum
1749 851 2012 921 jurasset

368 938 568 1011 itaque
597 955 659 995 se
691 956 809 995 non
839 957 966 997 eam
987 940 1250 996 tenuisse
1271 939 1623 996 sententiam
1644 939 1816 1009 cujus
1837 953 2013 992 causa

370 1027 443 1084 ab
472 1026 798 1085 Alexandro
829 1034 1064 1085 exactus
1097 1030 1322 1084 fuerat:
1357 1028 1524 1084 illum
1555 1027 1875 1100 imperator
1927 1025 2012 1080 di-

369 1116 634 1188 mittens,
663 1119 712 1173 si
740 1122 914 1186 recta,
949 1119 1052 1186 ait,
1085 1123 1174 1174 est
1216 1118 1362 1172 ﬁdes
1405 1121 1528 1183 tua,
1578 1117 1723 1172 bene
1758 1114 2011 1187 jurasti;

369 1204 462 1260 sin
488 1206 693 1278 impia,
719 1210 777 1262 et
804 1211 998 1262 tamen
1012 1206 1251 1277 jurasti,
1276 1210 1426 1261 Deus
1446 1222 1514 1262 ex
1526 1207 1865 1277 jurameuto
1889 1221 2017 1258 cau-

369 1309 496 1350 sam
529 1298 693 1349 tuam
717 1295 963 1366 judicet.
999 1294 1175 1351 Illum
1206 1295 1364 1368 igiur
1391 1296 1462 1350 ab
1485 1296 1640 1351 270
1666 1295 2018 1366 imperatore

371 1380 455 1438 ita
485 1381 820 1455 digressum
861 1385 1196 1452 Eusebiani,
1252 1384 1425 1440 solita
1466 1383 1558 1439 usi
1605 1382 1896 1448 violentia,
1955 1381 2017 1436 in

371 1469 676 1527 ecclesiam
709 1471 1080 1528 introducere
1108 1472 1454 1529 voluerunt:
1500 1473 1820 1530 obsistebat
1870 1471 2018 1527 Con-

373 1559 932 1633 stantinopolitanus
945 1561 1254 1634 episcopus
1277 1563 1458 1617 beatae
1475 1561 1562 1616 vir
1583 1561 1876 1618 memoriae
1898 1559 2023 1616 Ale-

373 1649 614 1720 xander,
649 1666 764 1705 non
797 1651 1030 1716 debere,
1061 1651 1243 1722 aiens,
1262 1650 1500 1707 haeresis
1523 1654 1818 1706 auctorem
1841 1650 1902 1704 in
1924 1664 2020 1704 ec-

377 1735 616 1793 clesiam
642 1737 924 1811 recipi.At
945 1739 1466 1808 Eusebiani,minis
1480 1738 2023 1806 adhibitis,aiebant

377 1825 469 1897 Ut,
503 1828 966 1900 repugnantibus
997 1828 1133 1884 licet
1161 1828 1343 1896 vobis,
1375 1829 1746 1884 obtinuimus
1771 1831 1836 1883 ut
1851 1826 2021 1882 illum

375 1913 696 1986 imperator
725 1920 1078 1985 arcesseret;
1111 1916 1196 1972 sic
1226 1917 1319 1972 die
1358 1917 1636 1982 crastina,
1680 1916 1913 1973 etiamsi
1961 1916 2020 1971 id

2128 754 2221 825 μέν
2274 753 2356 832 ἐφ’
2403 758 2486 818 οἷς
2531 751 2795 828 ἐξεϐλήθη
2838 763 2942 826 τῆς
2971 753 3302 825 Ἐκκλησίας
3349 758 3774 832 παρᾶἊλεξάν-

2123 840 2254 919 δρου
2310 849 2408 899 τοῦ
2459 843 2776 916 ἐπισκόπου,
2811 845 3238 921 ὑποκρινόμενος
3287 842 3345 901 δὲ
3380 847 3477 908 τὰς
3527 847 3633 902 ἀπὸ
3662 850 3772 902 τῶν

2123 936 2346 1008 Γραφῶν
2408 931 2602 1004 λέξεις.
2637 933 2938 1008 Ὀμόσαντα
2991 937 3070 1008 (2)
3100 933 3280 990 τοίνυν
3327 934 3486 991 αὐτὸν
3546 938 3621 1009 μὴ
3673 957 3772 992 πε-

2124 1023 2450 1096 φρονηκέναι
2506 1022 2585 1102 ἐφ’
2619 1025 2700 1086 οἷς
2756 1018 3002 1095 ἐξέϐαλεν
3059 1021 3420 1099 Ἀλέξανδρος
3467 1024 3650 1095 αὐτὸν,
3681 1025 3775 1081 ἀπ’

2125 1107 2310 1165 έλυσεν
2363 1111 2600 1189 εἰρηκώς
2624 1131 2637 1144 ·
2671 1113 2735 1167 Εἰ
2785 1112 2916 1189 ὀρθή
2962 1133 3057 1167 σου
3103 1111 3244 1168 ἐστὶν
3284 1116 3319 1184 ἠ
3353 1115 3558 1184 πίστις,
3589 1114 3775 1179 καλῶς

2125 1194 2382 1274 ὤμοσαςο
2421 1202 2466 1256 εἰ
2515 1199 2574 1257 δὲ
2623 1196 2822 1273 ἀσεϐής
2869 1201 3008 1256 ἐστιν
3042 1204 3076 1272 ἡ
3125 1201 3308 1266 πίστις
3352 1225 3472 1272 σου,
3502 1204 3593 1259 καὶ
3624 1201 3779 1278 ὤμο-

2127 1309 2242 1356 σας,
2277 1290 2464 1352 ὁΘεὸς
2523 1288 2583 1345 ἐκ
2638 1295 2734 1345 τοῦ
2793 1289 2957 1366 ὅρκου
3014 1293 3093 1365 (3)
3149 1291 3327 1368 κρίναι
3381 1294 3451 1347 τὰ
3502 1294 3639 1348 κατὰ
3697 1293 3778 1350 σέ.

2127 1376 2281 1432 Οὕτω
2343 1376 2408 1447 δὴ
2470 1376 2561 1433 οὖν
2619 1378 2776 1434 αὐτὸν
2824 1379 3105 1450 ἐξελθόντα
3149 1382 3298 1457 παρὰ
3349 1385 3447 1436 τοῦ
3509 1380 3779 1458 βασιλέως

2127 1464 2401 1536 ἠθέλησαν
2480 1467 2783 1543 εἰσαγαγεῖν
2831 1469 2935 1531 ἐἷς
3000 1470 3100 1539 τὴν
3175 1468 3468 1539 ἐκκλησίαν
3543 1470 3595 1526 oi
3651 1471 3780 1548 περὶ

2127 1552 2390 1610 Εὐσέϐιον
2440 1560 2510 1631 τῇ
2566 1559 2780 1628 συνήθει
2829 1558 3031 1614 ἑαυτῶν
3081 1558 3192 1635 βίᾳ.
3226 1556 3384 1615 ’Δλλ’
3415 1560 3574 1630 ὁτῆς
3631 1567 3781 1616 Κων-

2129 1643 2630 1708 σταντινουπόλεως
2688 1645 3086 1719 έπίσκοπος,·ό
3147 1647 3452 1725 μακαρίτης
3513 1647 3736 1721 ’Δλέξαν
3766 1670 3780 1684 ⁸

2130 1730 2281 1810 θροεῖν
2315 1733 2590 1811 ἀντέλεγε,
2623 1737 2839 1814 φάσκων
2877 1737 2951 1809 μὴ
2987 1733 3095 1792 δεῖν
3127 1737 3204 1799 εἷς
3241 1735 3528 1793 κοινωνίαν
3579 1735 3784 1816 διχθῆ-

2129 1843 2215 1876 ναι
2265 1823 2355 1877 τὸν
2401 1830 2503 1892 τῆς
2553 1824 2809 1900 αἱρέσεως
2870 1825 3114 1899 εὑρετήν.
3165 1827 3266 1881 Καὶ
3315 1825 3511 1882 λοιπὸν
3557 1829 3610 1882 οἱ
3655 1829 3784 1907 περὶ

2131 1909 2387 1967 Εὐσέϐιον
2427 1911 2758 1987 ἠπείλησαν,
2791 1911 2896 1984 ὅτι,
2930 1913 3111 1992 ὥσπερ
3165 1917 3242 1989 μή
3288 1913 3558 1972 θελόντων
3603 1918 3786 1992 ὑμῶν,

376 2019 494 2059 non
526 2019 557 2059 ο
587 2004 877 2061 sententia
905 2005 982 2061 sit
1012 2009 1132 2072 tua,
1166 2005 1342 2063 Arius
1366 2006 1425 2061 in
1446 2006 1556 2061 hac
1587 2005 1832 2062 ecclesia
1853 2004 2021 2062 nobis

2142 1999 2461 2074 ἐποιήσαμεν
2531 2001 2689 2058 αὐτὸν
2763 2000 3035 2074 κληθῆναι
3116 2005 3262 2078 παρά
3339 2003 3607 2081 βασιλέως
3683 2009 3788 2081 (4),

377 2106 513 2148 cum
547 2093 752 2165 synaxi
783 2093 987 2150 aderit.
1020 2094 1344 2151 Sabbatum
1375 2099 1571 2151 autem
1601 2098 1726 2151 erat
1745 2111 1881 2150 cum
1903 2093 2025 2150 haec

2142 2088 2306 2152 οὕτως
2362 2086 2571 2165 αὔριον,
2607 2091 2702 2146 κᾶν
2767 2093 2841 2166 μή
2894 2094 3031 2147 κατὰ
3085 2093 3315 2168 γνώμην
3375 2115 3461 2148 σοι
3515 2096 3785 2172 τυγχάνῃ,

375 2179 462 2236 illi
493 2181 811 2238 eﬂ'utirent.

447 2361 503 2416 3.
535 2359 760 2425 Quibus
789 2360 1008 2417 auditis
1059 2360 1368 2434 episcopus
1417 2362 1762 2435 Alexander,
1812 2379 2027 2435 magno

379 2465 625 2506 mmrore
657 2449 964 2523 prefusus,
991 2449 1050 2505 in
1082 2449 1387 2506 ecclesiam
1445 2453 1751 2524 ingressus
1799 2457 1909 2520 est,
1960 2469 2029 2508 ex

377 2537 686 2611 tensisque
715 2539 787 2594 ad
809 2543 991 2594 Deum
1025 2538 1320 2606 manibus,
1361 2538 1784 2612 collacrymans
1815 2541 1873 2596 in
1903 2540 2030 2596 vul-

381 2630 510 2683 tum
542 2627 792 2700 procidit
820 2629 878 2682 in
909 2627 1196 2684 sacrario:
1232 2627 1517 2700 humique
1549 2629 1755 2700 jacens
1804 2630 2028 2686 orabat.

380 2717 598 2772 Aderat
629 2715 939 2785 Macarius,
971 2716 1070 2787 qui
1101 2720 1157 2771 et
1181 2717 1307 2788 ipse
1330 2717 1552 2785 orabat,
1573 2720 1911 2790 orantisque
1931 2737 2031 2777 vo-

382 2819 510 2860 cem
541 2804 784 2860 audivit.
817 2805 1180 2860 Alterutrum
1209 2809 1406 2861 autem
1431 2805 1524 2862 bis
1544 2807 1737 2862 verbis
1761 2808 1929 2864 enixe
1947 2825 2035 2864 ro-

382 2892 562 2966 gabat
591 2892 937 2965 episcopus:
971 2893 1031 2949 Si
1060 2893 1234 2949 Arius
1264 2893 1520 2950 crastina
1549 2894 1642 2950 die
1671 2896 1744 2952 ad
1785 2913 2031 2953 conven-

381 2986 511 3040 tum
544 2982 800 3050 accedet,
823 2997 917 3038 me
947 2999 1178 3038 servum
1210 2986 1379 3038 tuum
1411 2999 1480 3038 ex
1508 2983 1618 3040 hac
1638 2984 1760 3040 vita
1780 2985 2031 3059 dimitte,

385 3077 442 3130 et
471 3089 544 3129 ne
573 3071 738 3144 pium
772 3087 906 3128 cum
937 3071 1119 3143 impio
1142 3071 1602 3144 perdideris;sin
1629 3073 1897 3130 Ecclesiae
1918 3079 2032 3132 tuas

392 3163 751 3228 miserearis,
785 3159 1153 3216 misereberis
1183 3165 1404 3227 autem,
1436 3161 1544 3217 hoc
1574 3161 1720 3218 bene
1749 3162 1902 3230 novi,
1941 3181 2034 3220 re-

390 3251 548 3324 spice
579 3249 641 3306 in
665 3248 1130 3306 Eusebianorum
1159 3250 1356 3317 verba,
1388 3253 1444 3305 et
1473 3266 1546 3306 ne
1577 3251 1807 3308 dederis
1836 3253 1897 3308 in
1917 3253 2034 3309 exi-

385 3341 538 3397 tium
568 3345 626 3396 et
653 3339 714 3394 in
743 3337 1123 3411 opprobrium
1157 3337 1555 3394 hereditatem
1581 3345 1744 3396 tuam
1783 3358 1851 3397 ac
1898 3341 2034 3399 tolle

381 3430 611 3496 Arium,
643 3445 714 3484 ne
750 3402 1115 3500 ingrediente
1164 3425 1263 3482 illo
1311 3426 1372 3481 in
1423 3425 1748 3496 ecclesiam,
1795 3428 2032 3487 haeresis
2062 3402 2105 3469 θ

387 3535 522 3575 cum
554 3517 652 3573 illo
684 3515 927 3572 introire
955 3515 1253 3572 videatur:
1287 3531 1427 3572 neve
1458 3517 1732 3590 deinceps
1761 3516 2036 3591 impietas

384 3623 490 3680 pro
522 3606 736 3679 pietate
769 3604 1074 3660 habeatur.
1108 3605 1238 3660 Haec
1256 3609 1528 3676 precatus
1559 3607 1870 3678 episc0pus
1891 3609 2038 3663 mul-

383 3699 511 3750 tum
543 3693 753 3750 anxius
784 3693 1060 3750 recessit:
1107 3697 1164 3749 et
1219 3711 1311 3750 res
1357 3694 1508 3750 mira
1556 3693 2038 3768 incredibilisque

384 3783 652 3855 contigit.
680 3781 1024 3838 Eusebianis
1043 3782 1260 3855 quippe
1274 3783 1706 3852 minitantibus,
1727 3783 2036 3858 episcopus

381 3872 608 3942 orabat,
642 3871 819 3927 Arius
848 3887 980 3926 vero
1013 3871 1358 3927 Eusebianis
1389 3872 1594 3944 fretus,
1626 3889 1693 3928 ac
1715 3873 1904 3930 multa
1926 3892 2034 3932 nu-

386 3964 580 4034 gatus,
611 3960 922 4033 ingressus
948 3960 1009 4015 in
1040 3959 1287 4016 latrinas
1319 3961 1487 4032 quasi
1515 3959 1629 4016 alvi
1659 3965 2035 4020 exonerandaa

387 4066 590 4115 causa,
624 4049 956 4120 derepente,
992 4049 1076 4103 uti
1107 4049 1392 4120 scriptum
1425 4052 1534 4118 est,
1586 4066 1806 4122 pronus
1850 4052 2037 4109 factus

388 4138 616 4210 crepuit
643 4136 875 4193 medius
903 4137 971 4205 ⁸³,
1001 4135 1430 4208 prolapsusque
1463 4138 1662 4194 statim
1697 4141 2034 4213 exspiravit,

330 4301 346 4312 _
388 4231 640 4299 utroque
657 4225 983 4298 simul,vita
1006 4225 1228 4282 scilicet
1249 4231 1305 4282 et
1325 4228 1738 4285 communione
1750 4230 2033 4302 privatus.

2133 2181 2529 2254 συναχθήσεται
2584 2181 2804 2257 Ἀρειος
2885 2182 2999 2254 μεθ’
3062 2183 3222 2256 ἡμῶν
3283 2181 3336 2238 ἐν
3393 2187 3462 2258 τῇ
3521 2183 3788 2258 ἐκκλησίᾳ

2131 2267 2321 2342 ταύτῃ.
2355 2264 2635 2324 Σάϐϐατον
2669 2267 2726 2325 δὲ
2755 2270 2822 2339 ἧν
2851 2269 2942 2326 ὅτε
2968 2275 3136 2326 ταῦτα
3167 2268 3380 2348 ἔλεγον.

2204 2359 2260 2414 3.
2292 2359 2348 2410 Ὁ
2376 2357 2556 2413 τοίνυν
2590 2357 2886 2422 ἐπίσκοπος
2917 2357 3301 2438 Ἀλέξανδρος,
3337 2360 3570 2426 ἀκούσας
3599 2366 3790 2435 ταῦτα,

2135 2446 2226 2500 καὶ
2283 2449 2422 2502 πάνυ
2482 2447 2768 2522 λυπηθεὶς,
2825 2445 3080 2504 εἰσελθὼν
3156 2449 3232 2512 εἰς
3305 2451 3404 2521 τὴν
3471 2449 3790 2524 ἐκκλησίαν,

2135 2533 2232 2598 τάς
2278 2557 2338 2590 τε
2393 2542 2584 2614 ⁴χεῖρας
2639 2535 2877 2599 ἐκτείνας
2923 2538 3061 2614 πρὸς
3108 2538 3201 2594 τὸν
3247 2540 3399 2612 Θεὸν,
3451 2538 3793 2618 ἀπωδύρετο,

2137 2624 2227 2679 καὶ
2278 2623 2438 2701 ῥίψας
2488 2625 2674 2681 ἐαυτὸν
2704 2628 2785 2700 (5)
2814 2625 2901 2682 ἐπὶ
2949 2625 3241 2703 πρόσωπον
3293 2629 3345 2684 έν
3399 2635 3476 2702 τῷ
3519 2630 3795 2707 ἱερατείῳ,

2138 2713 2389 2788 κείμενος
2447 2713 2533 2768 ἐπὶ
2591 2719 2687 2769 τοῦ
2733 2712 2985 2793 ἐδάφους,
3036 2713 3260 2793 ηὔχετο.
3313 2724 3500 2795 Παρῆν
3569 2715 3626 2774 δὲ
3697 2719 3789 2775 καὶ

2140 2805 2418 2879 Μακάριος
2475 2803 2776 2879 εὐχόμενος
2834 2804 2926 2859 σὺν
2999 2805 3162 2878 αὐτῷ,
3222 2806 3311 2860 καὶ
3390 2805 3626 2869 ἀκούσας
3689 2815 3794 2878 τῆς

2141 2898 2328 2970 φωνῆς
2376 2891 2561 2948 αὐτοῦ.
2613 2891 2916 2968 Παρεκάλει
2967 2890 3024 2948 δὲ
3070 2890 3166 2949 δύο
3213 2897 3400 2962 ταῦτα,
3457 2893 3635 2969 λέγων
3665 2917 3679 2930 ”
3725 2896 3792 2951 Εἰ

2142 2981 2362 3057 Ἀρειος
2436 2977 2620 3056 αὔριον
2680 2983 2754 3055 (6)
2811 2984 3113 3058 συνάγεται,
3175 2979 3446 3037 ἀπόλυσον
3525 2981 3623 3056 ἐμὲ
3693 2985 3787 3039 τὸν

2143 3067 2338 3125 δοῦλόν
2389 3091 2507 3138 σου,
2559 3071 2650 3125 καὶ
2697 3071 2772 3144 μὴ
2825 3069 3194 3145 συναπολέσῃς
3240 3066 3430 3141 εὖσεϐῆ
3486 3073 3620 3145 μετὰ
3667 3073 3787 3127 ἀσε-

2143 3153 2312 3222 ϐοὖς’
2371 3160 2416 3214 εἰ
2467 3157 2525 3214 δὲ
2563 3157 2718 3238 φείδῃ
2767 3167 2869 3230 τῆς
2920 3157 3247 3230 Ἐκκλησίας
3303 3181 3422 3229 σου,
3453 3159 3575 3216 οἶδα
3603 3158 3682 3231 δὲ,
3709 3159 3793 3216 ὅτι

2143 3246 2320 3326 φείδῃ,
2356 3246 2507 3304 ἔπιδε
2563 3248 2651 3304 ἐπὶ
2705 3250 2775 3304 τὰ
2831 3249 3053 3325 ῥήματα
3097 3253 3206 3304 τῶν
3237 3249 3362 3326 περὶ
3391 3245 3674 3324 Εὐσέϐιον,
3704 3250 3796 3305 καὶ

2149 3339 2224 3409 μὴ
2275 3335 2382 3409 δῷς
2432 3337 2508 3400 εἰς
2557 3338 2856 3416 ἀφανισμὸν
2905 3339 2996 3392 καὶ
3045 3332 3248 3401 ὄνειδος
3291 3339 3390 3408 τήν
3417 3337 3794 3415 κληρονομίαν

2145 3447 2240 3482 σου
2265 3445 2277 3459 ο
2328 3426 2418 3482 καὶ
2467 3427 2595 3502 ἆρον
2645 3428 2885 3504 Ἄρειον,
2930 3425 3019 3483 ’ίνα
3080 3429 3180 3502 μὴ,
3232 3425 3570 3492 εἰσελθόντος
3635 3426 3798 3484 αὐτοῦ

2146 3515 2222 3577 εἷς
2280 3516 2379 3584 τὴν
2442 3513 2758 3588 ἐκκλησίαν,
2819 3513 2946 3590 δόξῃ
3001 3515 3092 3579 καὶ
3149 3518 3184 3585 ἡ
3245 3513 3451 3592 αἵρεσις
3526 3518 3796 3593 συνεισέρ-

2143 3607 2334 3681 χεσθαι
2380 3604 2549 3677 αὑτῷ,
2579 3605 2670 3659 καὶ
2724 3603 2917 3659 λοιπὸν
2965 3607 3000 3674 ἡ
3057 3599 3274 3660 ἀσέϐεια
3324 3605 3398 3668 ὡς
3433 3600 3677 3661 εὐσέϐεια
3703 3626 3798 3661 νο-

2150 3696 2334 3768 μισθῇ.
2414 3697 2590 3748 Ταῦτα
2660 3693 2943 3767 εὐξάμενος
3009 3695 3036 3748 6
3094 3693 3409 3762 ἐπίσκοπος,
3483 3695 3802 3769 ἀνεχώρησε

2144 3785 2283 3839 πάνυ
2334 3781 2659 3862 φροντίζων.
2692 3783 2792 3837 Καὶ
2844 3783 3038 3858 γέγονέ
3092 3803 3147 3837 τι
3201 3783 3506 3856 θαυμαστὸν
3557 3783 3649 3837 καὶ
3693 3803 3799 3837 πα-

2147 3871 2410 3950 ράδοξονιο
2468 3875 2577 3926 τῶν
2636 3872 2740 3947 γὰρ
2797 3872 2920 3948 περὶ
2976 3869 3236 3927 Εὑσέὸιον
3291 3869 3725 3943 ἀπειλησάντων,
3770 3872 3799 3927 6

2151 3964 2244 4036 μὲν
2306 3961 2590 4024 ἐπίσκοτος
2646 3957 2873 4032 ηὔξατο,
2931 3962 2960 4017 6
3010 3958 3068 4016 δὲ
3123 3962 3338 4036 Ἀρειος
3411 3960 3624 4038 ἐθάρρει
3677 3965 3798 4023 τοῖς

2145 4051 2270 4127 περὶ
2317 4043 2600 4120 Εὸσέϐιον,
2632 4047 2820 4104 πολλά
2863 4069 2922 4106 τε
2971 4047 3253 4127 φλυαρῶν,
3285 4046 3533 4119 εἰσ-ἦλθεν
3582 4049 3660 4112 εἰς
3703 4050 3799 4105 θά-

2143 4161 2243 4202 κας
2293 4142 2393 4214 (7),
2427 4139 2502 4201 ὡς
2557 4135 2647 4194 διὰ
2691 4137 2880 4215 χρείαν
2931 4145 3034 4209 τῆς
3081 4139 3336 4214 γαστρὸς,
3381 4137 3473 4194 καὶ
3522 4137 3799 4218 ἐξαίφνης,

2143 4230 2282 4284 κατὰ
2363 4229 2426 4283 τὸ
2511 4228 2920 4304 γεγραμμένον,
2994 4229 3212 4301 πρηνὴς
3293 4227 3582 4302 γενόμενος
3671 4225 3800 4284 ἐλά-

386 4335 523 4388 κησε
579 4316 654 4390 (8)
707 4309 892 4388 μέσος,
944 4313 1034 4369 καὶ
1083 4315 1258 4370 πεσὼν
1314 4314 1468 4378 εὐθὺς
1528 4315 1814 4391 ἀπέψυξεν,
1873 4318 2195 4398 ἀμφοτέρων
2252 4337 2330 4390 τε,
2369 4324 2471 4387 τῆς
2525 4337 2585 4372 τε
2640 4316 2927 4379 κοινωνίας
2983 4316 3074 4372 καὶ
3128 4320 3226 4371 τοῦ
3286 4320 3406 4391 ζῇν,
3446 4316 3598 4380 εὐθὺς
3653 4317 3802 4372 ἐστε-

464 4406 554 4462 θη.

389 4406 852 4566 P16[timEjusmodi
881 4493 993 4550 fuit
1021 4493 1140 4548 Arii
1171 4493 1400 4550 exitus:
1459 4495 1898 4569 Eusebiauique
1942 4498 2039 4553 in-

387 4583 548 4658 genti
578 4584 800 4656 pudore
831 4583 1066 4650 suffusi,
1091 4583 1513 4655 coujurationis
1543 4601 1662 4642 suae
1690 4585 1916 4643 socium
1946 4604 2038 4643 se-

389 4671 625 4745 peliere.
658 4672 844 4727 Beata
875 4686 1008 4728 vero
1038 4670 1129 4726 vir
1157 4671 1453 4728 memoriae
1495 4673 1841 4741 Alexander,
1887 4693 2038 4749 gau-

2218 4499 2272 4552 4.
2302 4496 2372 4549 Τὸ
2407 4495 2501 4568 μέν
2543 4494 2634 4549 οὖν
2682 4491 2844 4557 τέλος
2883 4498 2980 4550 τοῦ
3010 4494 3228 4571 Ἀρείου
3274 4498 3522 4549 τοιοῦτον
3568 4493 3802 4571 γέγονεν

2146 4585 2235 4638 καὶ
2290 4585 2342 4640 οὶ
2387 4584 2514 4659 περὶ
2568 4578 2827 4638 Εὗσέϐιον
2882 4580 3140 4658 μεγάλως
3177 4578 3571 4658 αἰσχυνθέντες,
3601 4578 3801 4657 ἔθαψαν

2144 4673 2234 4728 τὸν
2287 4672 2594 4747 συνομότην
2627 4675 2706 4747 (9)
2731 4673 2933 4727 έαυτῶν
2960 4691 2972 4703 ·
3022 4672 3051 4726 6
3101 4669 3158 4727 δὲ
3209 4670 3514 4749 μακαρίτης
3546 4669 3802 4743 Ἀλέξαν-

389 4761 562 4817 dente
614 4759 867 4816 Ecclesia
895 4758 1140 4832 synaxin
1171 4775 1305 4816 cum
1364 4759 1581 4832 pietate
1627 4766 1683 4818 et
1731 4780 1876 4819 sana
1922 4765 2028 4822 ﬁde

2146 4759 2272 4836 δρος
2348 4760 2652 4838 χαιρούσης
2725 4768 2828 4830 τῆς
2882 4759 3212 4830 Ἐκκλησίας
3274 4761 3376 4830 τήν
3435 4761 3644 4832 σύναξιν
3705 4759 3803 4816 ἐπ-

390 4848 718 4919 celebravit,
751 4863 1069 4920 precesque
1099 4848 1252 4904 fudit
1281 4865 1386 4921 pro
1418 4850 1696 4907 fratribus
1738 4852 2034 4923 omnibus,

390 4954 458 4996 ac
487 4937 667 4994 Deum
697 4952 1050 5010 magnopere
1079 4935 1425 5009 gloriﬁcavit
1449 4956 1462 4994 :
1488 4955 1603 4994 non
1617 4957 1733 5012 quo
1759 4943 2039 5014 gauderet

388 5028 461 5084 de
490 5026 653 5083 illius
680 5025 944 5094 interitu,
993 5025 1181 5082 absit!
1213 5044 1349 5083 nam
1378 5031 1643 5084 statutum
1674 5038 1754 5086 est
1781 5032 2036 5088 omnibus

392 5115 705 5173 hominibus
733 5113 906 5172 semel
935 5116 1085 5172 mori
1111 5116 1186 5182 υς
1218 5117 1318 5172 sed
1352 5118 1506 5188 quod
1538 5134 1607 5174 ea
1634 5135 1727 5176 res
1775 5119 2038 5177 humana

383 5203 614 5276 judicia
647 5203 778 5260 visa
805 5202 983 5260 fuerit
1011 5219 1308 5276 superare.
1333 5205 1462 5276 Ipse
1481 5221 1736 5278 namque
1751 5206 2036 5266 Dominus

456 5310 504 5349 ⁸⁸
529 5311 655 5368 Act.
688 5327 729 5381 1,
763 5310 851 5367 18.
926 5310 974 5346 ⁸⁸
1001 5309 1176 5367 Hebr.
1210 5327 1290 5381 1x,
1316 5312 1408 5366 27.

479 5436 543 5508 2)
573 5434 668 5508 Sic
695 5438 833 5508 Reg.
868 5433 1045 5508 Edi'ti,
1069 5431 1360 5508 dudco‘vta.

479 5438 516 5491 2
573 5438 668 5492 Sic
695 5438 833 5508 Reg.
868 5438 1045 5501 Edi'ti,
1069 5438 1360 5506 ὀμόσοντα.

456 5438 543 5580 (3)
566 5504 1032 5580 Theodoret.,_tx
1052 5507 1152 5580 τοῦ
1196 5503 1446 5580 οὐρανοῦ,
1498 5508 1714 5565 rectius
1763 5509 2030 5568 fortasse.

483 5572 536 5652 4)
567 5577 730 5652 13.98;,
747 5576 903 5652 mea:
922 5572 1171 5652 βριᾳιλέρι-

480 5648 539 5721 ε)
569 5645 836 5721 sio‘ses:
863 5645 1041 5721 sam.
1072 5645 1253 5721 αὐτόν.

483 5716 539 5796 θ)
690 5716 828 5796 Reg.
861 5720 1012 5796 Editj
1043 5719 1222 5796 male,
1249 5721 1472 5794 ’Ἄρειος
1502 5717 1687 5794 αὕριος
1715 5716 1920 5796 αὔριον.

485 5763 539 5871 i5
567 5763 1350 5871 ἓᾙεεέεῖὲιίθὲζῖξξςῑᾶὁέὲρρξῗ

486 5857 541 5931 8)
570 5858 664 5915 Sic
691 5863 829 5932 Reg.
857 5857 1010 5917 Editi
1037 5877 1195 5929 vero,
1227 5857 1461 5919 ἐλάκισε.
1519 5867 1648 5921 Mox
1706 5864 1870 5938 Reg.,'
1929 5864 2030 5921 ἀπ-

521 5648 541 5931 ἓ

2149 4849 2358 4906 ετέλεσε
2401 4851 2492 4906 σὺν
2546 4849 2789 4924 εὐσιβείᾳ
2843 4850 2934 4905 καὶ
2992 4847 3294 4927 ὀρθοδοξίᾳ,
3325 4855 3456 4904 πᾶσι
3493 4855 3612 4913 τοῖς
3645 4847 3804 4906 ἀδέλ-

2147 4946 2270 5017 φοῖς
2300 4939 2626 5016 εὐχόμενος,
2659 4940 2749 4994 καὶ
2782 4936 3017 5011 δοξάζων
3064 4936 3322 5014 μεγάλως
3372 4939 3463 4994 τὸν
3509 4939 3660 5010 Θεὸν,
3694 4938 3804 5016 οὐχ

2147 5028 2223 5091 ὡς
2276 5027 2580 5106 ἐπιχαίρων
2637 5033 2719 5100 τῷ
2771 5029 3004 5101 θανάτῳ,
3061 5028 3137 5102 μὴ
3199 5028 3413 5103 γένοιτο
3442 5027 3460 5084 ί
3513 5033 3644 5084 πᾶσι
3694 5031 3801 5105 γὰρ

2145 5117 2427 5173 ἀπόκειται
2499 5122 2617 5179 τοῖς
2689 5117 2997 5191 ἀνθρώποις
3075 5118 3186 5190 (10)
3259 5116 3396 5188 ἅπαξ
3464 5115 3752 5173 ἀποθανεῖν
3787 5139 3801 5154 ·

2145 5203 2271 5263 ἀλλ’
2327 5205 2411 5262 ὅτι
2467 5211 2627 5262 τοῦτο
2683 5206 2815 5282 ὑπὲρ
2888 5207 2986 5268 τὰς
3043 5205 3343 5283 ἀνθρώπων
3401 5205 3606 5283 κρίσεις
3662 5204 3805 5264 ἐδείς

2146 5436 2354 5514 έψυξενγζ
2381 5439 2584 5514 Basil.,
2615 5438 2893 5514 ἀπέψυχεν
2927 5437 3115 5514 Editi_,_
3137 5436 3414 5514 ᾇπένυξεν,
3460 5441 3591 5497 Mox
3646 5435 3810 5505 εὐθὺς

2142 5509 2387 5594 postcva
2421 5511 2481 5567 in
2513 5515 2652 5594 Reg.
2683 5509 2902 5584 legitur
2931 5511 2992 5566 in
3024 5509 3506 5594 editis'deest._m

2211 5583 2291 5655 (9)
2330 5580 2470 5655 Reg.
2530 5580 2723 5656 prima
2745 5580 2955 5640 "manu
3000 5581 3326 5654 συνομώτην
3353 5581 3511 5639 Editi
3566 5580 3808 5656 συνομό.

2140 5669 2621 5853 τηῖὦὲἓξοῖῇοε.
2650 5731 2708 5784 et
2736 5724 3102 5784 Basiliensis.
3137 5724 3201 5781 In
3241 5722 3414 5781 editis
3428 5740 3563 5782 vero
3593 5722 3807 5799 ἀνθρώ-

2140 5814 2276 5853 πους
2349 5813 2450 5853 θοετ
2479 5840 2492 5852 .

2140 5814 2276 5858 πους
2308 5813 2492 5854 αθθεί.
