4132 6388
372 490 493 557 889

1250 492 1501 559 EPIST.
1546 495 1651 558 AD
1697 494 2207 559 SERAPIONEM
2250 496 2353 558 DE
2395 496 2672 559 MORTE
2716 494 2903 559 ARII.

3654 488 3780 550 690

374 627 509 704 χθη.
569 625 741 691 Αὐτὸς
800 627 905 705 γὰρ
963 628 993 683 6
1046 627 1265 707 Κύριος,
1324 627 1544 691 δικάσας
1597 634 1717 691 ταῖς
1765 627 2054 701 ἀπειλαῖς,

2148 634 2285 687 .nter
2312 631 2773 688 Eusebianorum
2806 633 2999 687 minas
3029 632 3086 687 et
3114 626 3425 687 Alexandri
3458 642 3659 700 preces
3684 626 3781 698 ju-

375 720 484 771 τῶν
538 718 663 792 περὶ
711 713 965 775 Εὗσέϐιον
1016 720 1105 773 καὶ
1147 724 1216 793 τῇ
1268 718 1405 796 εὐχῇ
1459 716 1851 793 Ἀλεξάνδρου,
1896 740 2023 775 κατ-

381 804 557 881 έκρινε
598 807 697 875 τήν
748 807 1031 884 ’Δρειανὴν
1083 806 1308 884 α’ίρεσιν,
1357 806 1532 879 δείξας
1582 808 1747 878 αὐτὴν
1808 808 2024 879 ἀνάξιον

381 891 541 949 οὖσαν
584 902 687 964 τῆς
737 894 1189 968 ἐκκλησιαστικῆς
1237 898 1522 960 κοινωνίας
1557 917 1570 929 °
1622 899 1711 953 καὶ
1759 904 1888 953 πᾶσι
1927 920 2026 977 φα-

383 985 640 1057 νερώσας.
695 984 801 1056 ὅτι,
859 986 954 1042 κᾶν
1010 988 1157 1059 παρὰ
1216 987 1481 1064 βασιλέως
1528 987 1617 1042 καὶ
1669 989 1882 1043 πάντων
1936 988 2025 1043 άν-

384 1073 617 1143 θρώπων
669 1072 771 1151 ἔχῃ
811 1076 910 1145 τὴν
956 1076 1305 1153 προστασίαν,
1348 1074 1493 1131 ἀλλὰ
1534 1077 1662 1150 παρ’
1707 1076 1873 1146 αὐτῆς
1924 1084 2025 1147 τῆς

383 1160 711 1231 Ἐκκλησίας
767 1165 1053 1239 κατεκρίθη
1083 1209 1096 1223 .
1146 1163 1417 1221 Δέδεικται
1470 1162 1559 1220 οὖν
1620 1164 1682 1219 οὗ
1736 1165 2024 1244 θεοφιλὲς,

383 1247 510 1305 ἀλλ’
537 1246 725 1315 ἀσεϐὲς
754 1254 815 1308 τὸ
866 1257 1247 1332 χριστομάχον
1279 1255 1629 1332 ἐργαστήριον
1679 1258 1786 1308 τῶν
1819 1255 2028 1329 Ἀρειο-

384 1345 619 1412 μανιτῶν
656 1385 669 1399 .
730 1343 829 1397 Καὶ
885 1342 1091 1403 πολλοὶ
1162 1350 1269 1401 τῶν
1327 1344 1589 1421 πρότερον
1647 1343 2025 1413 ἀπατηθέντων

384 1430 682 1501 μετέθεντο.
734 1431 806 1487 Οὔ
856 1434 959 1508 γὰρ
1004 1432 1197 1505 ἄλλος,
1256 1432 1382 1491 ἀλλ’
1412 1432 1572 1495 αὐτὸς
1604 1435 1632 1489 6
1677 1434 2031 1516 βλασφημού-

383 1538 544 1591 μενος
589 1527 715 1596 παρ’
760 1521 935 1577 αὐτῶν
990 1523 1188 1599 Κύριος
1236 1526 1514 1603 κατέκρινε
1556 1530 1657 1597 τήν
1704 1535 1819 1584 κατ’
1864 1528 2029 1583 αὑτοῦ

379 1612 641 1663 συστᾶσαν
700 1607 925 1685 α’ίρεσιν·
986 1612 1076 1667 καὶ
1124 1613 1288 1669 πάλιν
1351 1612 1569 1687 ἔδειξεν,
1628 1615 1732 1685 ὅτι,
1787 1616 1882 1671 κᾶν
1939 1620 2029 1670 νῦν

380 1698 410 1752 6
461 1695 716 1771 βασιλεὺς
776 1702 1149 1765 Κωνστάντιυς
1210 1703 1461 1779 βιάζηται
1519 1705 1647 1769 τοὺς
1702 1706 2029 1768 ἐπισκόπους

384 1785 518 1863 ὑπὲρ
576 1787 747 1857 αὐτῆς
806 1792 941 1863 (11),
998 1789 1125 1846 ἀλλ’
1178 1792 1543 1863 ἀκοινώνητός
1601 1795 1713 1851 ἐστι
1768 1802 1870 1865 τῆς
1921 1802 2034 1850 Ἐκ-

382 1872 641 1945 κλησίας,
671 1878 761 1933 καὶ
815 1883 923 1933 τῶν
975 1879 1213 1955 οὐρανῶν
1265 1880 1552 1960 ἀλλοτρία.
1604 1885 1807 1940 Οὐκοῦν
1856 1885 1946 1940 καὶ
1992 1887 2026 1955 ἡ

380 1965 509 2071 παρ’
564 1966 690 2071 ὑμῖν
738 1964 931 2023 λοιπὸν
985 1968 1275 2025 πεπαύσθω
1328 1974 1573 2044 ζήτησις·
1624 1973 1756 2045 αὕτη
1806 1977 1910 2051 γὰρ
1960 1975 2026 2044 ἦν
2060 2006 2108 2071 Β

380 2054 416 2122 ἡ
475 2055 745 2128 γενομένη
809 2058 1047 2129 συνθήκη
1081 2077 1092 2090 ·
1146 2061 1236 2114 καὶ
1292 2058 1485 2134 μηδεὶς
1542 2064 1908 2139 προσ-τιθέσθω
1960 2068 2029 2139 τῇ

382 2142 617 2219 αἱρέσει,
678 2141 823 2199 ἀλλὰ
874 2146 965 2201 καὶ
1023 2149 1076 2202 ol
1135 2150 1496 2220 ἀπατηθέντες
1554 2154 2029 2228 μεταγινωσκέτω-

384 2252 503 2288 σαν.
561 2234 659 2288 ’Ἠν
718 2235 822 2309 γὰρ
871 2236 900 2291 6
950 2236 1145 2314 Κύριος
1196 2240 1505 2314 κατέκοινε,
1545 2241 1627 2304 τίς
1668 2240 2030 2314 ἀποδέξεται;

387 2321 479 2407 καὶ
508 2320 575 2391 ἢν
607 2323 968 2395 ἀκοινώνητον
1016 2326 1177 2390 αὐτὸς
1214 2330 1500 2401 πεποίηκε,
1550 2335 1668 2394 πῶς
1712 2333 1739 2386 6
1786 2331 2033 2407 παραλα-

383 2405 617 2485 ϐόμενος
670 2415 873 2489 (12)οὖ
936 2414 1194 2491 μεγάλως
1250 2413 1450 2492 ἀσεϐεῖ,
1502 2421 1591 2475 καὶ
1638 2405 1878 2500 φανερῶς
1924 2420 2034 2477 ἐστι

380 2502 800 2579 Χριστομάχος;

455 2594 509 2647 5.
565 2592 763 2647 Ἱκανὸν
825 2593 918 2666 μὶν
997 2593 1088 2649 οὖν
1148 2596 1238 2651 καὶ
1293 2602 1455 2652 τοῦτο
1533 2595 1850 2669 δυσωπῆσαι
1906 2599 2036 2664 τοὺς

386 2677 707 2753 ἐριστικούς·
770 2681 1036 2758 ἀνάγνωθι
1077 2682 1169 2739 οὖν
1226 2691 1344 2749 τοῖς
1395 2686 1518 2743 τότε
1577 2690 1842 2760 ζητήσασι
1877 2732 1891 2758 ,
1948 2688 2037 2745 καί

381 2770 457 2857 τὰ,
512 2770 649 2825 κατὰ
706 2777 806 2841 τῆς
864 2772 1123 2849 αἱρέσεως
1184 2772 1253 2829 δι’
1308 2774 1516 2852 ὀλίγων
1572 2778 1844 2856 γραφέντα
1900 2780 2035 2857 πρὸς

382 2856 511 2921 τοὺς
546 2858 845 2936 μοναχοὺς,
890 2859 983 2917 ἵνα
1026 2863 1118 2918 καὶ
1167 2863 1218 2936 ἐξ
1268 2864 1441 2921 αὐτων
1494 2865 1573 2922 ἔτι
1627 2865 1839 2940 μάλλον
1878 2856 2039 2924 κατα-

384 2948 695 3021 γινώσκωσι
770 2957 872 3021 τῆς
938 2947 1186 3016 ἀσεϐείας
1254 2955 1345 3009 καὶ
1418 2958 1520 3025 τής
1593 2957 1857 3033 πονηρίας
1928 2963 2036 3013 τῶν

380 3036 827 3112 ’Δρειομανιτῶν.
861 3039 1071 3112 Μηδενὶ
1124 3043 1309 3116 μέντοι
1353 3042 1588 3119 θελήσῃς
1640 3045 1887 3102 ἐκδοῦναι
1914 3048 2038 3103 τού-

381 3146 490 3181 των
536 3126 887 3208 ἀντίγραφον,
948 3127 1088 3204 μηδέ
1139 3137 1318 3205 σαυτῷ
1379 3136 1741 3211 μεταγράψαν
1794 3135 1885 3191 καὶ
1933 3138 2037 3213 γὰρ

330 3288 331 3291 η
384 3216 476 3271 καὶ
529 3221 648 3279 τοῖς
700 3220 810 3292 (13)
866 3224 1138 3295 μοναχοῖς
1183 3224 1345 3276 τοῦτο
1396 3219 1717 3293 δεδήλωκα·
1779 3222 1905 3279 ἀλλ’
1962 3226 2037 3287 ὡς

383 3307 633 3379 γνήσιος,
697 3307 743 3361 εἰ
798 3307 892 3382 μὲν
949 3329 1002 3362 τι
1050 3306 1227 3365 λείπει
1282 3316 1397 3373 τοῖς
1455 3318 1728 3388 γραφεῖσι,
1785 3312 2035 3388 πρόσθες·

2136 721 2322 777 dicem
2339 738 2465 777 sese
2478 722 3073 790 constituens,hasresi
3084 738 3141 776 m
3163 717 3465 777 damnavit
3478 717 3775 783 Arianam,

2136 811 2566 885 declaravitque
2587 829 2714 870 esse
2734 811 2898 868 illam
2914 811 3181 868 Ecclesiae
3204 806 3780 867 communioneindi-

2136 916 2333 975 gnam.
2367 902 2565 958 Palam
2598 904 2737 958 item
2770 902 2904 959 fecit
2932 903 3231 971 omnibus,
3279 900 3414 956 licet
3458 900 3782 971 imperator

2138 991 2507 1063 universique
2527 992 2797 1048 homines
2809 994 2937 1064 ejus
2949 992 3335 1064 patrocinium
3351 987 3779 1061 suscipiant,ab

2136 1080 2394 1137 Ecclesia
2412 1084 2608 1137 tamen
2632 1081 2789 1138 illam
2813 1082 3261 1138 condemnatam
3284 1081 3485 1137 fuisse.
3508 1076 3782 1150 Explora-

2136 1173 2264 1225 tum
2314 1170 2511 1243 itaque
2557 1175 2665 1242 est,
2718 1171 2948 1227 Christo
2987 1172 3382 1227 adversariam
3426 1168 3779 1225 Arianorum

2138 1259 2452 1324 ofﬁcinam,
2485 1276 2599 1316 non
2632 1265 2745 1316 Deo
2776 1260 3034 1327 charam,
3059 1261 3159 1316 sed
3181 1259 3424 1332 impiam
3447 1274 3593 1314 esse.
3618 1256 3781 1310 Certe

2139 1348 2401 1421 plerique
2430 1348 2665 1404 illorum
2697 1349 2795 1421 qui
2814 1355 2950 1404 ante
2970 1349 3347 1405 circumventi
3372 1349 3619 1413 fuerant,
3644 1360 3778 1399 sen-

2138 1437 2383 1493 tentiam
2415 1442 2878 1494 commutarunt.
2909 1438 3034 1493 Non
3064 1439 3218 1494 enim
3252 1437 3443 1509 quivis
3469 1436 3641 1503 alius,
3676 1432 3777 1489 sed

2138 1525 2263 1597 ipse
2284 1527 2651 1591 Dominus,in
2667 1543 2840 1599 quem
2863 1526 2945 1583 illi
2960 1525 3537 1598 blasphemabant,ad
3547 1536 3780 1579 versum

2140 1615 2613 1687 seinsurgentem
2640 1616 2910 1673 haeresim
2927 1614 3781 1686 condemnavit.Propalamque

2140 1704 2297 1773 fecit,
2332 1705 2465 1759 licet
2492 1705 2815 1761 etiamnum
2848 1706 3166 1777 imperator
3202 1703 3578 1760 Constantius
3625 1701 3783 1756 illius

2144 1793 2334 1866 gratia
2363 1794 2653 1867 episcopis
2682 1795 2799 1849 vim
2833 1795 3063 1862 inferat,
3089 1810 3217 1850 esse
3244 1792 3627 1848 nihilominus
3656 1807 3784 1846 eam

2140 1886 2198 1937 et
2232 1900 2265 1938 a
2297 1884 2713 1940 communione
2762 1883 3026 1940 Ecclesiae
3076 1886 3461 1956 segregatam,
3494 1885 3552 1937 et
3581 1898 3614 1936 a
3643 1880 3785 1936 coelo

2141 1970 2811 2037 alienam.Quamobrem
2835 1977 3023 2029 cesset
3042 1974 3100 2027 in
3124 1976 3423 2045 posterum
3446 1969 3788 2042 bujusmodi

2141 2066 2333 2117 vestra
2362 2063 2629 2133 quaestio,
2665 2062 2749 2117 sic
2780 2062 2935 2118 enim
2958 2062 3112 2117 inter
3129 2079 3229 2117 vos
3253 2064 3489 2133 pactum
3516 2058 3654 2128 fuit;
3682 2076 3787 2114 ne-

2142 2166 2357 2221 moque
2374 2150 2579 2206 haeresi
2604 2152 2696 2221 adj
2706 2155 2962 2224 ungatur
2980 2167 2991 2206 :
3010 2151 3111 2207 sed
3134 2149 3483 2221 recipiscant
3504 2147 3605 2220 qui
3626 2148 3790 2203 dece-

2142 2238 2228 2311 pti
2260 2244 2419 2296 sunt.
2454 2242 2638 2305 Quam
2671 2239 2825 2295 enim
2852 2240 3136 2295 Dominus
3158 2238 3473 2305 damnavit,
3494 2237 3629 2305 quis
3648 2237 3790 2292 reci-

2144 2329 2311 2401 piet?
2339 2333 2396 2384 et
2426 2330 2597 2400 cujus
2628 2330 2775 2386 271
2811 2328 2910 2384 ille
2940 2326 3413 2384 communionem
3464 2324 3785 2398 prohibuit,

2144 2419 2439 2491 quomodo
2460 2418 2559 2490 qui
2581 2418 2851 2475 admittet
2874 2436 2985 2474 non
3006 2417 3272 2473 maxime:
3293 2416 3611 2489 impietatis
3629 2430 3785 2483 reus,

2144 2512 2201 2564 et
2230 2509 2425 2580 palam
2455 2507 2671 2564 Christi
2702 2508 2887 2564 hostis
2920 2506 3075 2563 erit?

2214 2597 2270 2652 5.
2304 2596 2433 2652 Haec
2480 2596 2600 2651 sint
2648 2596 2829 2669 igitur
2868 2597 2942 2652 ad
2985 2594 3378 2651 contentiosos
3422 2592 3788 2650 confunden-

2149 2685 2255 2742 dos
2287 2685 2432 2742 satis
2460 2703 2472 2741 :
2511 2686 2633 2741 haec
2664 2685 2838 2758 legito
2869 2686 2941 2740 iis
2970 2685 3069 2758 qui
3099 2684 3279 2754 hujus
3310 2682 3649 2756 quaestionis
3689 2698 3791 2737 au-

2149 2778 2337 2832 ctores
2367 2776 2550 2845 fuere,
2612 2792 2837 2831 necnon
2896 2790 2965 2830 ea
3011 2791 3138 2846 quae
3183 2774 3465 2829 adversus
3518 2770 3789 2827 haeresim

2148 2864 2353 2936 paucis
2386 2864 2456 2919 ad
2490 2864 2812 2919 monachos
2848 2863 3180 2935 conscripta
3209 2866 3383 2931 sunt;
3435 2865 3502 2916 ut
3549 2860 3791 2917 Ariano-

2148 2970 2282 3008 rum
2316 2953 2452 3008 inde
2482 2953 2843 3024 impietatem
2894 2952 3296 3024 malitiamque
3343 2951 3532 3024 magis
3580 2951 3795 3023 impro-

2148 3042 2311 3098 bent.
2344 3042 2492 3097 Cave
2524 3042 2746 3097 nemini
2776 3042 2987 3097 borum
3021 3040 3320 3113 exemplar
3344 3041 3504 3106 edas,
3542 3044 3642 3096 aut
3685 3039 3791 3094 tibi

2147 3131 2273 3203 ipse
2306 3130 2705 3186 transcribas:
2738 3148 2872 3186 nam
2907 3130 3165 3202 idipsum
3214 3129 3520 3185 monachis
3563 3145 3794 3201 quoque

2148 3219 2508 3292 signiﬁcavi:
2545 3219 2646 3275 sed
2687 3236 2789 3290 pro
2814 3222 2918 3274 tua
2964 3218 3343 3291 ingenuitate,
3396 3217 3443 3273 si
3489 3216 3793 3289 quidpiam

2151 3308 2387 3381 scriptis
2415 3308 2617 3379 deerit,
2650 3308 2709 3364 id
2740 3308 2943 3376 addas,
2978 3308 3298 3379 statimque
3327 3306 3427 3361 illa
3458 3307 3527 3361 ad
3560 3322 3667 3361 nos
3698 3323 3792 3361 re-

379 3374 535 3457 εὐθῦς
590 3392 650 3450 δὲ
702 3374 840 3473 πρός
890 3399 1041 3471 ἡμας
1100 3374 1621 3474 ἀντίπεμψον.ΗΚάὶ
1670 3374 1774 3479 γάρ
1829 3374 1919 3457 καὶ
1981 3374 2040 3459 ἐκ

2152 3374 2352 3454 mittas
2382 3396 2578 3453 velim.
2604 3374 2693 3453 'Ex
2722 3413 2853 3452 mea
2883 3374 3099 3469 quippe
3148 3374 3219 3451 ad
3270 3397 3476 3452 fratres
3524 3396 3794 3468 epistola,

379 3490 482 3553 τῆς
542 3483 860 3559 ἐπιπολῆς,
918 3490 984 3556 ἧς
1043 3486 1251 3563 ἔγραψα
1305 3494 1423 3552 τοῖς
1476 3488 1765 3569 ἀδελφοῖς,
1825 3490 2042 3548 δύνασαι

392 3574 578 3646 μαθεῖν
626 3573 656 3629 ’ὀ
707 3575 949 3631 πέπονθα
994 3578 1238 3655 γράφων,
1288 3579 1378 3633 καὶ
1426 3584 1625 3655 γνῶναι
1670 3579 1768 3635 ἔτι·
1818 3580 1908 3636 καὶ
1956 3579 2045 3637 διὰ

381 3666 545 3717 τοῦτο
577 3660 677 3719 οὒκ
708 3662 849 3719 ἔστιν
901 3664 1137 3744 ἀσφαλὲς
1189 3665 1497 3723 ἐκδίδοσθαι
1543 3668 1842 3746 γράμματα
1889 3662 2045 3725 ἷδιώέ-

382 3771 501 3823 του,
531 3752 623 3807 καὶ
659 3750 897 3826 μάλιστα
943 3754 1069 3830 περὶ
1119 3760 1225 3810 τῶν
1276 3758 1561 3813 ἀνωτάτων
1610 3758 1701 3813 καὶ
1744 3780 2044 3837 κορυφαιο-

384 3842 561 3896 τάτων
620 3839 950 3917 δογμάτων,
1009 3846 1224 3917 μήποτε
1270 3846 1333 3901 τὸ
1392 3844 1481 3901 διὰ
1537 3847 1830 3920 ἀσθένειαν,
1888 3850 1924 3918 ἢ
1981 3850 2043 3903 τὸ

384 3926 784 4007 ἀδιατράνωτον
830 3937 934 4001 τῆς
966 3930 1226 4007 γλώττης
1277 3932 1469 3999 ἐνδιῶς
1503 3936 1792 4011 εἰρημένον
1828 3933 2043 4013 βλάϐην

380 4023 499 4081 τοῖς
534 4019 985 4095 ἀναγινώσκουσιν
1037 4020 1333 4098 ἐμποιήσῃ.
1367 4025 1435 4082 Οἱ
1467 4026 1571 4101 γὰρ
1602 4023 1809 4081 πολλοὶ
1851 4025 1912 4081 οὐ
1941 4028 2042 4096 τήν

378 4107 584 4179 πίστιν,
642 4105 768 4164 οὐδὲ
807 4110 900 4164 τὸν
950 4111 1149 4166 σκοπὸν
1204 4117 1300 4167 τοῦ
1357 4114 1668 4189 γράψαντος
1729 4119 2042 4189 σκοποῦσιν,

2151 3488 2372 3561 poteris
2402 3486 2687 3559 quidnam
2720 3486 3029 3542 scribendo
3077 3503 3290 3559 passus
3338 3486 3451 3541 sim
3501 3485 3793 3542 ediscere:

2154 3582 2328 3649 atque
2351 3576 2489 3632 hinc
2523 3574 2774 3644 noveris,
2799 3575 2930 3630 ideo
2960 3579 3157 3631 tutum
3206 3593 3320 3631 non
3370 3591 3499 3631 esse
3542 3574 3797 3647 imperiti

2155 3667 2373 3737 scripta
2419 3665 2610 3735 edere,
2642 3664 2965 3736 praesertim
3017 3665 3087 3719 de
3140 3664 3434 3737 supremis
3482 3681 3547 3720 ac
3595 3664 3795 3736 praeci-

2154 3756 2287 3829 puis
2326 3754 2724 3827 dogmatibus,
2779 3769 2852 3809 ne
2897 3754 2945 3809 si
2994 3754 3134 3825 quid
3178 3770 3281 3826 per
3330 3752 3793 3810 imbecillitatem

2157 3843 2697 3914 obscuritatemque
2729 3842 3016 3899 sermonis
3037 3842 3235 3897 minus
3283 3842 3546 3899 absolute
3576 3843 3799 3899 dictum

2155 3933 2251 4005 sit,
2310 3949 2521 3989 noxam
2578 3932 2636 3986 id
2694 3932 3014 3988 lectoribus
3064 3933 3284 3988 atl‘erat.
3325 3931 3595 4004 Plerique
3642 3932 3799 3987 enim

2154 4040 2260 4079 nec
2290 4023 2489 4088 ﬁdem,
2522 4038 2627 4077 nec
2658 4038 2903 4093 scopum
2940 4021 3242 4095 scriptoris
3296 4021 3641 4078 attendunt:
3699 4022 3799 4077 sed

2156 4116 2258 4167 aut
2289 4128 2358 4169 ex
2387 4110 2633 4179 invidia,
2685 4114 2787 4165 aut
2834 4110 3225 4167 contentionis
3279 4110 3495 4177 studio,
3544 4127 3646 4181 pro
3696 4126 3805 4166 sua

385 4194 513 4251 ἀλλ’
542 4197 578 4265 ἢ
611 4194 701 4252 διὰ
731 4198 944 4276 φθόνον.
976 4200 1014 4268 ἢ
1048 4196 1118 4255 δι’
1164 4199 1295 4277 ἔριν,
1327 4205 1395 4271 ἧς
1443 4201 1868 4281 προελήφθησαν
1911 4206 2049 4259 κατὰ

2149 4203 2277 4275 jam
2338 4200 2398 4255 in
2460 4203 2657 4255 mente
2715 4203 2950 4271 recepta
3008 4199 3322 4264 sententia,
3364 4198 3644 4254 arbitratu
3695 4215 3801 4255 suo

388 4282 631 4341 διάνοιαν
688 4284 872 4358 δόξης,
933 4288 1011 4351 ὡς
1060 4289 1149 4343 ἐὰν
1199 4286 1501 4360 θελήσωσιν
1547 4292 1723 4362 αὑτοὶ,
1769 4290 2046 4369 δέχονται,

386 4375 477 4429 καὶ
537 4380 891 4448 μεταποιοῦσι
947 4379 1016 4432 τὰ
1071 4380 1344 4457 γραφέντα
1392 4381 1529 4435 κατὰ
1581 4381 1681 4450 τὴν
1733 4378 1869 4436 ἰδίαν
1915 4380 2046 4452 ἡδο-

385 4466 506 4534 νήν.
542 4466 666 4537 Δῲη
717 4462 775 4521 δὲ
823 4467 853 4521 6
896 4465 1097 4542 Κύριος
1144 4473 1291 4543 παρᾶ
1338 4474 1491 4538 πᾶσι,
1540 4470 1630 4524 καὶ
1683 4468 1919 4542 μάλιστα
1963 4473 2045 4534 οἷς

383 4551 777 4629 ἀναγινώσκεις
832 4560 1022 4629 ταῦτα,
1080 4562 1293 4631 κρατεῖν
1350 4558 1450 4627 τὴν
1508 4578 1567 4611 τε
1622 4556 1898 4630 ἀλήθειαν,
1954 4559 2045 4615 καὶ

2154 4290 2331 4346 verba
2362 4288 2681 4360 accipiunt,
2712 4292 2767 4343 et
2788 4288 3011 4360 scripta
3039 4306 3144 4360 pro
3164 4288 3409 4345 libidine
3432 4288 3798 4358 detorquent.

2156 4379 2320 4437 Faxit
2349 4378 2635 4434 Dominus
2668 4380 2732 4431 ut
2759 4376 2818 4430 in
2846 4376 3143 4445 omnibus,
3177 4393 3243 4432 ac
3267 4377 3639 4449 potissimum
3664 4376 3801 4447 qui-

2154 4470 2267 4525 bus
2296 4468 2419 4523 htsc
2448 4465 2616 4537 legis,
2663 4464 2878 4519 veritas
2926 4468 2983 4519 et
3031 4482 3173 4521 sana
3219 4464 3277 4519 in
3338 4464 3652 4520 Dominum
3696 4480 3802 4520 no-

2155 4563 2343 4616 strum
2373 4556 2575 4612 Jesum
2607 4552 2905 4609 Christum
2940 4552 3087 4608 ﬁdes
3117 4553 3396 4609 obtineat.
3435 4558 3637 4607 Amen.

382 4642 484 4711 τὴν
518 4642 861 4718 ὑγιαίνουσαν
894 4644 969 4707 εἷς
999 4644 1090 4700 τὸν
1119 4643 1312 4722 Κύριον
1343 4648 1378 4715 ἡ
1390 4649 1504 4720 μῶν
1537 4647 1743 4717 Ἰησοῦν
1776 4649 2003 4723 Χριστὸν
2036 4646 2239 4703 πίστιν.
2272 4644 2469 4717 Ἀμήν.

455 4814 571 4943 (11)
601 4813 697 4871 Sic
724 4818 865 4889 Reg.
896 4814 1051 4872 Editi
1082 4832 1240 4886 vero,
1289 4815 1412 4891 περὶ
1456 4816 1645 4887 αὐτῆς.
1701 4818 1834 4876 Mox
1888 4820 2027 4892 Reg.

379 4884 450 4941 ἀλ
494 4884 888 4943 ἀκοινώνητος
936 4886 1106 4943 male.

448 4886 528 4943 Ad
548 4886 888 4956 Stowdwn'r'oc
936 4886 1106 4944 male.
1360 4886 1369 4891 ’
1582 4886 1587 4887 ⁷
1972 4886 2005 4892 ’

448 4958 561 5032 (12)
592 4958 756 5031 Reg.,
817 4952 1405 5033 προσλαμϐανόμενος.
1458 4961 1591 5018 Mox
1639 4961 1821 5032 idem,
1869 4982 2033 5041 φανε-

2146 4812 2471 4893 ρόςτΑΡειιῌο
2502 4814 2636 4893 post
2664 4810 2841 4893 idem,
2867 4810 3173 4893 ’ᾼγάγχωθι
3201 4805 3255 4862 δὲ
3289 4806 3468 4881 ὅμως.

2216 4886 2329 4958 (13)
2360 4886 2454 4942 Sic
2504 4878 2644 4955 Reg.
2693 4887 2751 4939 et
2795 4881 2975 4939 Basil.
3013 4878 3177 4938 'Editi
3218 4878 3375 4950 vero,
3424 4878 3514 4933 καὶ
3560 4878 3664 4955 γάρ
3723 4878 3779 4934 ἐν

2141 4963 2281 5020 τοῖς.
