4132 6402
345 470 465 540 693

1282 474 1644 543 HISTORIA
1694 472 2171 542 ARIANORUM
2212 474 2315 539 AD
2360 475 2816 543 MONACHOS.

3635 475 3754 540 694

345 604 561 688 γράφεις
596 625 609 641 ·
670 605 756 665 ναὶ
839 608 1174 668 πιστεύσατε.
1236 613 1345 667 Ἵνα
1401 609 1458 667 δὲ
1519 614 1593 685 μὴ
1651 608 1788 683 δόξω
1850 606 1992 683 μηδὲ

2107 612 2338 669 credite.
2371 616 2453 668 Ne
2484 598 2682 669 autem
2710 612 2909 668 videar
2959 612 3063 668 aut
3091 607 3255 667 vobis
3287 605 3569 665 molestus
3602 624 3752 679 esse,

347 699 488 773 ὑμᾶς
538 697 751 771 λυπεῖν,
788 702 927 775 μήτε
971 700 1208 765 ἐκείνους
1234 702 1363 765 τοὺς
1392 704 1518 779 παρ’
1550 703 1674 776 ὑμῖν
1727 702 1995 772 ζητήσαν-

342 809 440 852 τας
472 790 562 845 καὶ
604 788 1086 869 φιλονεικήσαντας
1138 787 1432 867 έπιτρίϐειν
1482 792 1557 855 εἷς
1604 792 1703 861 τὴν
1750 784 1993 846 ἀσέϐειαν

347 875 407 932 ix
454 884 552 935 τοῦ
604 886 835 953 σιωπᾷν,
895 876 1197 957 ἐϐιασάμην
1250 881 1479 957 ἐμαυτὸν
1543 881 1707 957 ὀλίγα
1752 880 1994 957 γράψαι⁹

342 968 435 1023 καὶ
491 974 660 1025 ταῦτα
718 970 1008 1027 ἀπέστειλα
1060 976 1129 1045 τῇ
1185 973 1417 1049 ὑμετέρᾳ
1447 966 1900 1047 (16’)θεοσεϐείᾳ.
1932 967 1997 1023 Εἰ

342 1059 448 1134 γὰρ
480 1059 591 1132 καὶ,
626 1057 700 1121 ὥς
734 1058 872 1115 ἐστιν
964 1066 1067 1130 τῆς
1109 1061 1370 1133 ἀληθείας
1421 1059 1752 1134 κατάληψις,
1790 1056 1994 1134 μακράν

348 1146 460 1202 ἐστι
488 1153 579 1203 νῦν
613 1150 725 1224 (17)
757 1150 846 1227 ἀφ’
876 1152 1035 1224 ἡμῶν
1070 1148 1160 1206 διὰ
1186 1152 1285 1221 τὴν
1317 1158 1418 1221 τῆς
1461 1151 1656 1227 σαρκὸς
1703 1150 1994 1217 ἀσθένειαν,

346 1234 492 1292 ἀλλά
561 1235 807 1309 δυνατὸν,
870 1239 947 1301 ὡς
1025 1239 1168 1295 εἶπεν
1240 1239 1400 1303 αὐτὸς
1461 1242 1489 1295 6
1540 1236 1992 1310 Ἐκκλησιαστής,

342 1330 544 1401 γνῶναι
619 1331 727 1383 τῶν
792 1324 1001 1383 ἀσεϐῶν
1066 1331 1166 1398 τὴν
1232 1328 1564 1405 ἀφροσύνην,
1620 1329 1710 1384 καὶ
1774 1327 1996 1403 εὑρόντα

342 1414 566 1487 ταύτην,
599 1416 767 1472 εἰπεῖν
827 1419 1150 1494 πικροτέραν
1209 1419 1339 1496 ὑπὲρ
1398 1420 1620 1474 θάνατον
1672 1417 1827 1473 εἶναι.
1858 1414 1994 1471 Τού-

340 1525 438 1560 του
484 1509 615 1581 γοῦν
667 1507 853 1583 χάριν,
911 1508 987 1570 ὡς
1027 1511 1189 1563 τοῦτο
1232 1509 1508 1582 γινώσκων
1560 1507 1650 1562 καὶ
1699 1504 1997 1580 δυνάμενος

344 1594 538 1671 εὑρεῖν,
571 1590 782 1672 ἔγραψα
806 1614 819 1627 ·
880 1594 1063 1670 εἰδὼς,
1097 1598 1173 1659 ὡς
1229 1604 1348 1660 τοῖς
1404 1602 1619 1659 πιστοῖς
1650 1598 1685 1665 ἡ
1723 1602 1824 1665 τῆς
1873 1595 1995 1651 ἀσε-

346 1677 498 1746 ϐείας
571 1687 932 1761 κατάγνωσις,
1002 1686 1274 1763 αὐτάρκης
1343 1687 1479 1764 πρὸς
1558 1681 1826 1742 εὐσέϐειάν
1882 1684 1993 1741 ἐστι

344 1775 566 1847 γνῶσις.
602 1774 702 1829 Καὶ
760 1776 864 1849 γὰρ
897 1774 943 1830 εἶ
980 1777 1054 1849 μὴ
1105 1772 1326 1830 δυνατὸν
1374 1770 1770 1831 καταλαϐέσθαι
1797 1773 1852 1830 τί
1883 1772 1993 1830 ἐστι

341 1861 492 1932 Θεὸς,
548 1859 695 1917 ἀλλὰ
756 1860 978 1918 δυνατὸν
1050 1863 1241 1935 εἰπεῖν,
1289 1864 1343 1918 τί
1393 1864 1492 1919 οὐκ
1539 1858 1720 1918 ἔστιν·
1773 1861 1995 1937 οἷ’δαμεν

2109 705 2211 757 aut
2238 719 2336 759 eos
2368 702 2468 774 qui
2500 701 2644 758 illud
2670 702 2883 758 avobis
2905 701 3232 775 postulant,
3257 698 3450 770 iisque
3480 699 3552 755 de
3580 697 3756 753 rebus

2107 791 2455 863 disceptant,
2487 809 2590 864 per
2620 791 2919 848 silentium
2949 806 3147 847 meum
3190 790 3251 845 in
3283 789 3583 862 impietate
3611 787 3758 843 deti-

2106 897 2266 948 nere,
2284 880 2429 937 mihi
2459 882 2583 954 ipse
2610 882 2683 937 ad
2706 882 2823 937 haec
2847 898 3033 954 pauca
3061 879 3371 936 scribenda
3390 878 3510 933 vim
3540 876 3713 933 intuli
3739 892 3752 933 :

2107 974 2165 1026 et
2193 970 2312 1026 hinc
2343 970 2477 1027 misi
2506 975 2708 1027 vestras
2752 971 2971 1044 pietati.
3011 970 3129 1026 Etsi
3182 969 3339 1025 enim
3371 966 3754 1040 comprehen-

2108 1059 2193 1115 sio
2223 1059 2483 1116 veritatis
2514 1063 2579 1115 ut
2606 1060 2665 1115 in
2698 1076 2759 1116 se
2786 1064 2896 1130 est,
2931 1076 3088 1115 nunc
3113 1059 3187 1114 ob
3216 1057 3408 1114 carnis
3440 1056 3754 1112 inﬁrmita-

2105 1152 2222 1205 tem
2254 1149 2455 1221 procul
2498 1168 2532 1205 a
2583 1149 2751 1206 nobis
2808 1150 2904 1221 sit,
2935 1154 2994 1204 at
3045 1152 3235 1222 potest
3283 1147 3541 1220 agnosci,
3573 1149 3641 1201 ut
3670 1145 3755 1201 ait

2107 1237 2486 1295 Ecclesiastes
2516 1240 2579 1308 9°,
2612 1240 2929 1312 impiorum
2960 1238 3229 1306 stultitia,
3262 1253 3439 1309 quam
3470 1235 3571 1309 qui
3600 1234 3756 1291 inve-

2109 1328 2278 1396 nerit,
2340 1328 2531 1385 dicere
2582 1332 2774 1401 potest
2826 1329 2956 1401 ipsa
3009 1331 3195 1384 morte
3243 1326 3592 1382 amariorem
3622 1341 3752 1381 eam

2105 1434 2252 1476 esse.
2286 1418 2676 1486 Quamobrem
2706 1417 2766 1473 id
2798 1434 2933 1473 cum
2983 1433 3217 1474 nossem
3247 1420 3305 1472 et
3332 1415 3568 1487 assequi
3596 1414 3752 1470 vale-

2104 1524 2249 1581 rem,
2280 1509 2401 1564 haec
2458 1508 2705 1582 scripsi:
2765 1523 2985 1580 gnarus
3040 1506 3357 1580 impietatis
3400 1504 3751 1561 confutatio-

2105 1615 2240 1654 nem
2270 1598 2543 1655 fidelibus
2585 1614 2715 1655 esse
2745 1598 2816 1653 ad
2874 1596 3108 1670 pietatis
3164 1595 3551 1668 cognitionem
3583 1594 3750 1650 satis.

2105 1690 2353 1755 Etenim,
2408 1689 2645 1745 tametsi
2702 1685 3121 1761 comprehendi
3177 1688 3429 1757 nequeat
3482 1683 3622 1756 quid
3677 1684 3755 1739 sit

2103 1777 2280 1845 Deus,
2312 1778 2429 1833 dici
2452 1783 2647 1835 tamen
2680 1780 2870 1850 potest
2899 1776 3040 1848 quid
3088 1791 3206 1831 non
3239 1775 3351 1843 sit;
3380 1773 3602 1829 scimus
3649 1789 3752 1829 au-

2106 1874 2221 1925 tem
2254 1884 2389 1924 eum
2421 1885 2537 1924 non
2569 1884 2696 1925 esse
2727 1872 2793 1923 ut
2820 1867 3142 1935 hominem,
3176 1881 3282 1921 nec
3311 1864 3400 1920 fas
3428 1879 3557 1920 esse
3583 1863 3755 1935 quid-

344 1945 424 2016 δὲ,
475 1947 559 2003 ὅτι
607 1950 713 2027 οὐχ
762 1951 838 2013 ὡς
886 1949 1169 2028 ἅνθρωπός
1222 1951 1353 2023 ἐστι,
1400 1952 1490 2007 καὶ
1552 1951 1636 2007 ὅτι
1686 1950 1836 2007 οὐδὲν
1884 1956 1992 2007 τῶν

2107 1974 2281 2031 quam
2312 1973 2343 2013 e
2374 1958 2550 2015 rebus
2572 1958 2742 2013 factis
2773 1955 2858 2011 illi
2881 1955 3192 2011 ascribere.
3215 1955 3294 2009 Eo
3316 1969 3560 2025 prorsus
3582 1952 3755 2008 modo

340 2041 583 2111 γενητῶν
642 2039 797 2111 θέμις
850 2038 1081 2096 ἐπινοεῖν
1134 2039 1186 2096 έν
1233 2043 1344 2117 (18)
1385 2041 1551 2115 αὐτῷ.
1604 2040 1757 2097 Οὕτω
1807 2038 1873 2111 δὴ
1902 2040 1992 2096 καὶ

346 2126 591 2199 περὶτοῦ
621 2127 749 2181 Υἳοῦ
776 2133 876 2183 τοῦ
917 2133 1073 2200 Θεοῦ,
1106 2129 1152 2185 εἶ
1197 2130 1286 2186 καὶ
1335 2129 1479 2186 πολὺ
1525 2134 1623 2187 τοῦ
1668 2125 1992 2186 καταλαϐεῖν

351 2216 559 2291 μακράν
608 2214 766 2291 ἐσμεν
814 2222 883 2292 τῇ
934 2218 1109 2297 φύσει,
1159 2218 1304 2274 ἀλλά
1361 2218 1582 2276 δυνατὸν
1628 2220 1718 2276 καὶ
1766 2216 1990 2275 εὔκολον

346 2308 686 2379 καταγνῶναι
739 2310 845 2361 τῶν
901 2309 1355 2387 προσφερομένων
1417 2310 1563 2385 παρά
1617 2313 1724 2365 τῶν
1794 2310 1995 2382 αἱρετι-

345 2398 480 2464 κῶν,
509 2393 601 2450 καὶ
632 2395 822 2467 εἰπεῖν,
854 2395 936 2453 ὅτι
968 2396 1067 2453 οὐκ
1105 2396 1215 2453 ἔστι
1261 2403 1429 2454 ταῦτα
1478 2400 1601 2461 Υἱὸς
1634 2400 1662 2453 6
1691 2401 1789 2453 τοῦ
1834 2400 1990 2466 Θεοῦ,

345 2480 471 2539 οὐδὲ
516 2484 671 2557 θέμις
718 2486 843 2563 περὶ
885 2492 989 2556 τῆς
1030 2486 1287 2559 θεότητος
1333 2487 1497 2543 αὐτοῦ
1520 2490 1747 2543 τοιαῦτα
1772 2485 1869 2542 κᾶν
1904 2486 1994 2542 έν-

344 2578 510 2643 νοεῖν,
561 2576 651 2629 οἷα
697 2572 953 2651 λέγουσιν
1006 2575 1222 2648 ἐκεῖνοι,
1275 2580 1475 2654 μήτιγε
1532 2577 1621 2633 καὶ
1672 2577 1994 2655 φθέγγεσθαι

348 2658 438 2716 διὰ
466 2659 724 2739 χειλέων.

415 2754 469 2808 3.
502 2750 658 2807 Οὕτω
704 2752 907 2823 τοίνυν,
942 2752 1064 2810 ὅσον
1122 2748 1400 2828 ἠδυνήθην
1456 2755 1565 2832 ἐγὼ
1619 2757 1713 2830 μὲν
1748 2753 1991 2831 ἔγραψα·

347 2839 502 2913 ὑμεῖς
564 2838 641 2913 δὲ,
697 2842 993 2917 ἀγαπητοὶ,
1053 2841 1267 2915 δέξασθε
1320 2849 1488 2901 ταῦτα
1549 2847 1623 2918 μὴ
1679 2845 1756 2907 ὡς
1785 2842 1996 2899 τελείαν

346 2928 546 3005 ἔχοντα
574 2931 673 2999 τὴν
705 2931 994 3007 ἑρμηνείαν
1026 2932 1152 3009 περί
1178 2942 1279 3004 τῆς
1326 2940 1425 2990 τοῦ
1478 2934 1658 3010 Λόγου
1715 2933 1992 3004 θεότητος,

347 3014 475 3071 ἀλλ’
508 3017 584 3079 ὡς
618 3018 777 3091 μόνον
827 3018 1129 3097 ἐλέγχοντα
1180 3023 1274 3094 μὲν
1300 3025 1415 3096 (19)
1443 3024 1541 3091 τήν
1593 3016 1835 3076 ἀσέϐειαν
1883 3025 1991 3075 τῶν

345 3107 771 3183 Χριστομάχων,
804 3105 1003 3183 ἔχοντα
1032 3108 1091 3164 δὲ
1116 3111 1206 3164 καὶ
1238 3108 1455 3165 διδόντα
1480 3114 1596 3171 τοῖς
1633 3108 1993 3184 βουλομένοις

345 3192 600 3271 ἀφορμὴν
652 3196 728 3258 εἰς
771 3191 1039 3252 εὐσέϐειαν
1104 3205 1207 3268 τῆς
1276 3198 1625 3274 ὑγιαινούσης
1677 3198 1727 3253 ἐν
1778 3200 1994 3271 Χριστῷ

344 3282 601 3346 πίστεως.
647 3285 712 3340 Et
761 3283 818 3340 δέ
862 3308 916 3341 τι
962 3285 1392 3361 παραλέλειπται
1443 3288 1640 3357 (πάντα
1682 3286 1740 3342 δὲ
1782 3286 1994 3359 νομίζω

345 3371 820 3452 παραλελεῖφθαι),
870 3377 1265 3451 συγγινώσκετε
1317 3378 1451 3451 μετά
1496 3374 1854 3447 συνειδήσεως
1900 3397 1993 3431 κα-
2021 3357 2065 3426 C

345 3463 533 3537 θαρᾶς,
563 3463 652 3518 καὶ
690 3463 849 3536 μόνον
898 3463 1222 3536 ἀποδέξασθε
1267 3466 1329 3520 τὸ
1374 3464 1660 3541 τολμηρὸν
1708 3473 1810 3536 τῆς
1856 3467 1993 3542 πρὸς

346 3546 615 3607 εὐσέϐειαν
834 3555 1163 3627 προθέσεως.
1214 3555 1307 3617 Εἰς
1384 3557 1486 3630 γὰρ
1569 3554 1781 3611 τελείαν
1829 3554 1993 3612 κατά-

345 3660 546 3715 γνωσιν
600 3647 702 3711 τῆς
758 3641 1015 3718 αἱρέσεως
1098 3648 1205 3698 τῶν
1267 3646 1576 3717 Ἀρειανῶν,
1638 3645 1908 3721 αὐτάρκης
1958 3648 1993 3716 ἡ

345 3728 471 3801 περὶ
511 3734 610 3784 τοῦ
658 3727 887 3787 θανάτου
930 3732 1147 3807 ’Δρείου
1223 3735 1485 3808 γενομένη
1538 3737 1653 3808 (21)
1702 3736 1846 3812 παρά
1898 3740 1996 3790 τοῦ

346 3817 548 3893 Κυρίου
604 3817 819 3894 κρίσις’
871 3821 939 3890 ἢν
998 3818 1106 3892 ἤδη
1156 3823 1447 3899 φθάσαντες
1493 3824 1582 3877 καὶ
1631 3825 1758 3899 παρ’
1798 3824 1995 3900 ἑτέρων

346 3900 565 3982 ἔγνωτε.
597 3914 667 3963 ‘A
724 3909 828 3984 γὰρ
860 3909 889 3963 6
920 3910 1050 3970 Θεὸς
1080 3911 1109 3964 6
1141 3911 1296 3985 ἅγιος
1340 3906 1717 3986 βεϐούλευται,
1748 3913 1834 3975 τίς
1884 3911 1997 3968 δια-

346 3993 630 4066 σκεδάσεις
664 3997 754 4052 καὶ
806 3998 865 4052 ’ὃν
924 4000 952 4053 ὁ
1002 3997 1198 4075 Κύριος
1246 4002 1360 4073 (22)
1402 4002 1701 4077 κατέκρινε,
1732 4000 1817 4064 τίς
1856 4003 1884 4056 6
1916 3999 1997 4057 δι-

2105 2049 2282 2105 etiam
2315 2049 2387 2104 de
2416 2046 2557 2103 Filio
2579 2046 2682 2103 Dei
2714 2045 3128 2120 cogitandum:
3162 2043 3273 2100 etsi
3305 2042 3491 2098 multo
3521 2040 3756 2114 longius

2104 2142 2318 2194 natura
2345 2136 2419 2194 ab
2450 2152 2516 2192 eo
2537 2152 2767 2204 sumus,
2795 2150 2971 2206 quam
3002 2137 3067 2189 ut
3097 2149 3233 2189 eum
3262 2130 3758 2203 comprehendere

2102 2226 2425 2297 valeamus;
2459 2241 2778 2298 possumus
2807 2228 3025 2293 tamen,
3058 2222 3177 2277 imo
3207 2219 3376 2277 facile
3404 2223 3495 2277 est
3520 2236 3589 2275 ea
3618 2235 3758 2274 con-

2104 2318 2291 2374 futare
2321 2334 2450 2389 quae
2507 2314 2577 2371 ab
2635 2311 2922 2370 haereticis
2979 2312 3375 2384 proferuntur,
3434 2325 3500 2365 ac
3539 2308 3753 2375 dicere,

2104 2423 2219 2464 non
2250 2423 2379 2463 esse
2407 2404 2509 2460 illa
2546 2404 2759 2459 Filium
2817 2401 2954 2457 Dei:
3016 2417 3203 2473 neque
3260 2400 3348 2455 fas
3378 2414 3507 2455 esse
3556 2395 3755 2470 qualia

2102 2496 2215 2569 ipsi
2246 2494 2572 2567 loquuntur
2595 2493 2667 2548 de
2697 2493 2825 2563 ejus
2874 2489 3176 2547 divinitate
3217 2488 3308 2544 vel
3339 2487 3613 2561 cogitare,
3645 2502 3751 2541 ne-

2102 2586 2244 2640 dum
2274 2582 2447 2639 labiis
2479 2581 2753 2655 proferre.

2176 2764 2229 2819 3.
2263 2762 2357 2817 Sic
2389 2761 2660 2834 equidem
2711 2775 2815 2831 pro
2864 2757 3139 2814 facultate
3187 2754 3442 2827 scripsi:
3498 2770 3601 2810 vos
3648 2770 3752 2809 au-

2102 2858 2241 2919 tem,
2274 2850 2493 2918 dilecti,
2524 2850 2647 2905 haac
2677 2847 2939 2919 accipite,
2975 2864 3089 2902 non
3122 2845 3291 2917 quasi
3324 2845 3640 2918 perfectam
3682 2844 3755 2898 de

2102 2941 2405 2998 divinitate
2433 2939 2606 2995 Verbi
2636 2937 3079 3010 explicationem
3110 2934 3572 3007 complectantur
3603 2949 3615 2987 :
3650 2934 3752 2988 sed

2107 3036 2169 3086 ut
2214 3047 2341 3101 qua).
2388 3030 2674 3085 duntaxat
2718 3026 2933 3082 Christi
2967 3026 3224 3081 hostium
3254 3024 3626 3097 impietatum
3657 3039 3750 3078 ar-

2103 3123 2308 3192 guant,
2340 3122 2397 3173 et
2428 3134 2555 3189 qua
2585 3115 2914 3172 volentibus
2945 3114 3307 3170 occasionem
3341 3113 3635 3185 praebeant
3676 3111 3749 3165 ad

2102 3208 2261 3280 piam
2310 3221 2633 3276 sanamque
2684 3204 2742 3258 in
2796 3203 3025 3258 Christo
3080 3202 3253 3256 fidem
3296 3199 3745 3271 assequendam.

2102 3298 2265 3361 Quod
2321 3296 2370 3351 si
2421 3295 2559 3367 quid
2610 3294 2897 3349 omissum
2948 3296 3037 3346 est
3083 3292 3247 3363 (puto
3305 3294 3498 3344 autem
3548 3287 3750 3344 omnia

2102 3386 2321 3441 omissa
2349 3384 2498 3455 esse)
2530 3399 2663 3438 cum
2694 3380 3071 3448 conscientia,
3096 3396 3310 3452 quaeso,
3344 3394 3491 3451 pura
3516 3376 3748 3432 veniam

2104 3473 2250 3530 mihi
2281 3473 2542 3540 tribuite,
2576 3476 2925 3542 tantumque
2952 3469 3120 3526 velim
3154 3469 3347 3524 audax
3396 3483 3594 3524 meum
3645 3483 3749 3538 pro

2104 3563 2317 3637 pietate
2350 3562 2715 3634 propositum
2747 3558 3101 3631 approbetis.
3133 3558 3217 3613 Ad
3250 3557 3564 3630 perfectam
3593 3556 3749 3610 enim

2104 3653 2454 3708 Arianorum
2487 3652 2775 3706 bmreseos
2804 3648 3282 3713 confutationem,
3313 3646 3533 3702 sufficit
3565 3643 3751 3699 latum

2105 3743 2175 3799 de
2204 3741 2322 3797 Arii
2354 3745 2543 3797 morte
2591 3757 2624 3795 a
2670 3738 2918 3794 Domino
2954 3736 3268 3808 judicium,
3302 3734 3454 3804 quod
3498 3734 3623 3804 jam
3679 3733 3752 3787 ab

2106 3830 2238 3887 aliis
2270 3834 2439 3885 antea
2468 3826 2778 3884 didicistis.
2815 3829 2949 3893 Qua:
2982 3825 3137 3880 enim
3170 3824 3355 3879 sancti
3390 3823 3488 3878 Dei
3529 3821 3757 3894 judicio

2107 3922 2330 3974 statuta
2356 3921 2516 3984 sunt,
2548 3916 2682 3987 quis
2712 3914 2877 3969 irrita
2910 3912 3126 3969 faciet?
3165 3913 3237 3967 Et
3267 3928 3441 3983 quem
3473 3909 3757 3965 Dominus

2107 4006 2542 4073 condemnavit,
2574 4005 2705 4077 quis
2729 4003 3083 4075 justiﬁcabit
3102 4002 3143 4037 ⁹¹
3164 4002 3192 4057 ?
3217 4001 3363 4057 Nam
3394 4000 3527 4072 quis
3556 4015 3627 4054 ex
3657 3999 3761 4053 hu-

344 4089 514 4141 καιῶν
541 4104 556 4154 ;
587 4085 682 4148 Τίς
726 4087 830 4161 γὰρ
878 4085 938 4142 ἐκ
985 4092 1081 4143 τοῦ
1122 4088 1373 4143 τοιούτου
1421 4092 1716 4165 γενομένου
1763 4092 1994 4165 σημείου

2107 4096 2364 4169 jusmodi
2394 4096 2562 4167 signo
2592 4111 2706 4149 non
2730 4092 2993 4166 agnoscit
3014 4093 3127 4147 Deo
3156 4091 3418 4146 odiosam
3441 4106 3569 4145 esse
3594 4088 3758 4144 illam

347 4173 409 4229 οὐ
459 4175 710 4249 γινώσκει
768 4173 984 4246 λοιπὸν,
1021 4175 1105 4231 ὅτι
1152 4178 1478 4252 θεομίσητός
1531 4179 1667 4234 ἐστιν
1700 4183 1735 4249 ἡ
1772 4179 1995 4256 α’ίρεσις,

344 4262 443 4318 κᾶν
494 4265 813 4339 ἀνθρώπους
860 4264 964 4341 ἔχῃ
1006 4268 1351 4341 προστάταςς
1391 4269 1739 4345 Ἐντυχόννες
1792 4272 1996 4345 μέντοι,

347 4348 568 4429 εὔχεσθε
630 4354 748 4427 μὲν,
789 4354 880 4408 καὶ
937 4352 1224 4426 ἀλλήλους
1285 4357 1359 4419 εἰς
1417 4361 1578 4413 τοῦτο
1638 4362 2000 4436 προτρέπεσθε

344 4448 545 4512 ποιεῖν,
581 4443 714 4518 ὑπὲρ
745 4445 905 4517 ἡμῶν
930 4461 941 4474 ·
973 4444 1127 4505 εὐθὺς
1158 4442 1216 4499 δὲ
1244 4444 1613 4519 ἀντιπέμψατε
1648 4451 1815 4502 ταῦτα
1861 4450 1999 4526 πρὸς

345 4534 495 4605 ἡμᾶς
527 4553 539 4566 ·
570 4531 662 4585 καὶ
696 4529 890 4605 μηδενὶ
918 4533 982 4586 τὸ
1012 4531 1241 4609 σύνολον
1275 4534 1596 4613 ἀντίγραφον
1632 4530 1838 4607 ἔκδοτε,
1858 4536 1999 4611 μηδὲ

346 4620 561 4683 ἑαυτοῖς
618 4621 997 4696 μεταγράψατε
1025 4624 1158 4696 (23),
1192 4619 1318 4677 ἀλλ’
1350 4624 1644 4699 ἀρκέσθητε
1669 4626 1745 4687 ὡς
1778 4623 1998 4701 δόκιμοι

2107 4185 2399 4249 haeresim,
2422 4183 2650 4241 etiamsi
2682 4182 2952 4238 homines
2982 4184 3260 4253 patronos
3290 4183 3463 4235 nacta
3492 4177 3587 4235 sit.
3611 4179 3757 4234 Cum

2106 4274 2287 4349 igitur
2332 4274 2452 4329 haec
2504 4270 2780 4344 legeritis,
2817 4273 2977 4325 orate
3024 4286 3128 4341 pro
3178 4268 3367 4335 nobis,
3403 4271 3460 4322 et
3508 4266 3756 4322 invicem

2106 4380 2208 4419 vos
2258 4364 2328 4418 ad
2382 4361 2525 4417 illud
2576 4358 2983 4415 cohortamini.
3025 4359 3096 4413 Et
3146 4356 3585 4429 quamprimum
3636 4354 3758 4411 haec

2108 4453 2238 4525 ipsa
2267 4452 2335 4507 ad
2370 4468 2477 4506 nos
2510 4448 2789 4505 remittite
2825 4466 2837 4503 :
2892 4445 3038 4502 nulli
3079 4462 3320 4519 prorsus
3351 4445 3530 4515 hujus
3560 4461 3758 4500 exem-

2107 4542 2238 4615 plar
2264 4539 2532 4605 tradatis,
2568 4554 2671 4593 nec
2699 4536 2865 4592 vobis
2897 4535 3044 4607 ipsis
3084 4533 3511 4604 transcribatis,
3543 4534 3645 4589 sed
3694 4537 3761 4589 ut

2107 4629 2307 4703 probis
2329 4628 2627 4701 trapezitis
2658 4629 2750 4681 sat
2774 4624 2936 4681 vobis
2967 4623 3045 4679 sit
3074 4622 3286 4678 horum
3318 4622 3509 4687 lectio,
3544 4621 3758 4693 saepius

342 4714 660 4787 τραπεζῖται
686 4714 757 4784 τῇ
802 4709 1049 4783 ἐντεύξει,
1079 4711 1175 4765 κᾶν
1223 4709 1497 4776 πολλάκις
1546 4712 1786 4790 ἐντυχεῖν
1836 4714 1994 4787 θελή-

2110 4720 2357 4792 repetita
2404 4717 2453 4773 si
2505 4716 2702 4772 libeat.
2735 4714 2862 4769 Non
2911 4711 3068 4767 enim
3106 4715 3302 4766 tutum
3352 4714 3441 4766 est
3489 4714 3757 4766 nostrum

346 4818 497 4868 σητε.
533 4798 606 4853 Οὐ
638 4800 743 4875 γὰρ
777 4797 1015 4877 ἀσφαλὲς
1039 4804 1157 4863 τοῖς
1192 4801 1327 4874 μετὰ
1353 4805 1521 4857 ταῦτα
1548 4804 1617 4857 τὰ
1661 4805 1787 4879 παρ’
1833 4807 1994 4879 ἡμῶν

343 4891 458 4943 τῶν
492 4885 866 4961 ψελλιζόντων
899 4889 989 4943 καὶ
1014 4886 1245 4945 ἰδιωτῶν
1271 4890 1381 4945 ἐστι
1402 4895 1719 4966 γράμματα.
1738 4892 2003 4950 Ἀσπάσα-

346 4978 436 5031 σθε
466 4975 752 5048 ἀλλήλους
786 4977 838 5032 ἐν
866 4977 1070 5053 ἀγάπῃ,
1100 4979 1191 5033 καὶ
1238 4981 1439 5043 πάντας
1488 4980 1614 5044 τοὺς
1666 4981 1999 5060 ἐρχομένους

344 5065 482 5139 πρὸς
538 5065 680 5138 ὑμᾶς
732 5065 784 5119 έν
840 5060 1084 5139 εὐσεϐείᾳ
1134 5068 1226 5122 καὶ
1282 5066 1479 5127 πίστει.
1513 5070 1576 5125 Εἰ
1636 5072 1739 5149 γάρ
1784 5095 1890 5145 τις,
1924 5074 1999 5137 ὡς

349 5153 494 5209 εἶπεν
557 5154 585 5208 6
642 5154 1002 5224 Ἀπόστολος,
1059 5155 1120 5211 οὐ
1196 5155 1348 5234 φιλεῖ
1418 5159 1508 5214 τὸν
1584 5163 1802 5237 Κύριον,
1881 5161 1999 5233 ἤτω

346 5243 606 5317 ἀνάθεμα.
666 5244 728 5299 Ἡ
782 5243 947 5319 χάρις
999 5248 1096 5299 τοῦ
1153 5246 1354 5322 Κυρίου
1410 5249 1571 5323 ἡμῶν
1632 5251 1816 5321 Ἰησοῦ
1867 5259 1997 5328 Χρι-

344 5335 473 5387 στοῦ
509 5332 625 5405 μεθ’
658 5330 830 5405 ὑμῶν.
856 5332 1056 5406 ’Δμήν.

2106 4807 2566 4864 balbutientium
2610 4808 2677 4861 et
2723 4804 3092 4858 indoctorum
3123 4799 3352 4855 litteras
3382 4799 3453 4855 ad
3494 4803 3757 4871 posteros

2110 4897 2429 4969 pervenire.
2473 4894 2734 4951 Salutate
2784 4908 2886 4947 vos
2946 4890 3190 4946 invicem
3228 4888 3288 4943 in
3328 4888 3643 4953 charitate,
3701 4892 3759 4943 et

2110 5004 2314 5043 omnes
2346 4986 2447 5059 qui
2477 4985 2549 5041 ad
2580 5000 2683 5039 vos
2713 4983 2773 5037 in
2804 4981 3019 5054 pietate
3056 4984 3113 5035 et
3151 4980 3263 5034 fide
3292 4976 3664 5034 accesserint.
3697 4977 3760 5033 Si

2107 5079 2234 5150 quis
2279 5078 2447 5145 enim,
2480 5078 2546 5129 ut
2593 5073 2674 5128 ait
2717 5069 3051 5144 Apostolus,
3083 5084 3194 5124 non
3244 5071 3395 5123 amat
3441 5068 3754 5134 Dominum,

2109 5167 2461 5223 anathemata
2488 5164 2577 5218 sit.
2612 5162 2805 5217 Gratia
2832 5160 3054 5215 Domini
3079 5160 3260 5214 nostri
3286 5161 3423 5215 Jesu
3452 5154 3657 5211 Christi
3685 5157 3759 5209 sit

2110 5256 2402 5313 vobiscum.
2428 5254 2600 5308 Amen
2620 5251 2682 5306 θ’.

410 5458 456 5495 ⁹⁰
484 5457 672 5515 Eccle.
703 5474 806 5528 vn,
835 5458 925 5515 26.
1001 5460 1045 5497 ⁹¹
1078 5463 1193 5518 Isa.
1223 5478 1339 5532 xxv,
1368 5465 1460 5521 27.
1537 5465 1582 5502 θ’
1608 5465 1632 5524 Ι
1662 5467 1791 5526 Cor.
1825 5485 1942 5540 XVI,
1973 5472 2068 5541 22,
2091 5474 2183 5530 23.

436 5599 840 5727 16")136ginﬁ
877 5600 1135 5727 tantane.
1219 5674 1231 5687 .
1385 5678 1396 5689 .

436 5674 528 5727 17)
555 5671 646 5726 Sic
724 5686 840 5727 θα..
872 5689 986 5727 νυν·
1064 5678 1187 5727 eest
1216 5691 1276 5727 1n
1306 5675 1396 5727 edi

435 5671 646 5756 Sic
671 5671 1187 5756 Eeg.,'v6w_dsest
1216 5674 1276 5731 in
1306 5675 1500 5756 editis.

437 5745 525 5890 18)
555 5742 643 5799 Ita
671 5742 815 5817 Reg.
846 5745 911 5802 In
942 5745 1116 5804 editis
1144 5763 1279 5804 vero
1312 5748 1364 5803 ὲν
1395 5751 1578 5809 deest.

437 5815 502 5871 19
551 5813 659 5871 Μὲν
693 5814 857 5890 deest
893 5818 954 5876 in
984 5818 1179 5890 editis,
1213 5821 1315 5879 sed
1346 5821 1405 5882 in
1437 5823 1577 5890 Reg.

434 5813 520 5890 19)
551 5813 659 5871 Μὲν
693 5813 857 5891 deest
893 5818 954 5876 in
984 5818 1179 5892 editis,
1213 5821 1315 5879 sed
1346 5821 1405 5882 in
1437 5823 1577 5897 Reg.
1609 5824 1844 5900 legitur.

2196 5614 2289 5681 20)
2320 5612 2486 5686 Regi,
2519 5607 2595 5671 εἷς
2627 5600 2919 5686 εὑιιέϐειιπινΣ

2196 5616 2289 5681 20)
2320 5616 2486 5686 Reg.,
2519 5616 2595 5671 εἰς
2627 5616 2919 5662 εὐσέϐειαν.

2441 5683 2583 5761 ῌθε.
2615 5678 2875 5761 et_l_3_asil.
2906 5677 3085 5761 Ediﬁti,
3114 5673 3434 5748 γενομένου.

2176 5746 2290 5827 (22)
2320 5756 2415 5813 Sic
2450 5746 2589 5827 Reg.
2624 5751 2959 5827 Editiqvero,
2991 5746 3140 5809 Θεός.

2320 5828 2484 5900 Reg,
2525 5824 2927 5902 μεταγράψητε.
