4132 6372
276 328 394 389 697

1216 320 1585 385 HISTORIA
1633 319 2107 382 ARIANORUM
2152 318 2255 379 AD
2301 318 2756 380 MONACHOS.

3571 323 3691 387 698

277 479 434 525 πτον,
464 461 654 512 τοῦτον
704 457 1004 535 ἀφαιρεῖται
1058 454 1147 509 καὶ
1198 452 1422 529 ἐξορίζει
1473 450 1744 527 βασιλεύς’
1778 451 1833 506 ὃν
1868 448 1925 505 δὲ

2059 452 2109 506 Et
2137 451 2291 522 quod
2324 451 2646 506 maximum
2680 455 2979 522 stuporem
3030 452 3250 523 atterat,
3284 471 3458 525 quem
3489 456 3690 527 populi

282 549 421 619 μήτε
477 544 789 622 βούλονται,
845 548 980 619 μήτε
1040 545 1388 619 γινώσκουσι,
1435 546 1624 596 τοῦτον
1670 540 1931 615 μακρόθεν

282 636 415 710 μετά
474 639 813 709 στρατιωτῶν
870 630 1196 689 ἀποστέλλει
1270 632 1359 686 καὶ
1418 632 1757 707 γραμμάτων
1818 631 1930 703 (30)

278 726 510 779 ἑαυτοῦ·
570 725 659 779 καὶ
719 722 911 779 λοιπὸν
974 723 1181 798 ἀνάγκη
1241 719 1429 790 πολλή
1494 724 1665 793 μισεῖν
1730 720 1822 793 μὲν
1872 719 1928 773 ’ὀν

278 814 528 890 ἀγαπῶσι
575 815 665 868 τὸν
716 815 1125 889 κατηχήσαντα,
1174 810 1264 866 καὶ
1311 811 1517 885 πατὲρα
1558 808 1843 884 γενόμενον
1878 807 1930 863 ἐν

276 895 571 971 θεοσεϐείᾳ·
607 901 815 975 ἀγαπᾷν
864 897 921 954 δὲ
952 901 1009 955 ὃν
1061 898 1123 954 οὐ
1179 896 1491 973 βούλονται,
1525 898 1614 951 καὶ
1662 896 1929 952 πιστεύειν

277 988 478 1044 ἑαυτῶν
527 990 594 1044 τὰ
638 991 817 1060 τὲκνα,
870 986 930 1043 οὗ
977 990 1067 1043 τὸν
1123 987 1263 1063 βίον,
1294 986 1383 1041 καὶ
1413 988 1511 1056 τὴν
1565 987 1930 1065 ἀναστροφὴν,

276 1078 365 1132 καὶ
416 1077 500 1140 τίς
551 1076 689 1132 ἐστιν
748 1078 809 1132 οὐ
860 1078 1234 1153 γινώσκουσινο
1287 1078 1321 1145 ἢ
1358 1074 1617 1145 δηλονότι
1658 1075 1929 1151 τιμωρίαν

279 1166 590 1240 ὑπομένειν,
620 1168 686 1236 ἢν
720 1169 830 1240 (31)
867 1168 941 1241 μὴ
974 1164 1261 1222 πείθωνται
1300 1163 1535 1241 βασιλεῖ.

350 1438 402 1493 3.
432 1438 608 1491 Ταῦτα
634 1435 725 1490 καὶ
758 1439 848 1490 νῦν
895 1431 1085 1511 δρῶσι,
1127 1433 1218 1489 καὶ
1266 1430 1436 1489 πάλαι
1486 1434 1844 1504 πεποιήκασιν
1879 1431 1934 1487 οἱ

284 1519 558 1587 δυσσεϐεῖς
604 1526 740 1580 κατὰ
783 1529 889 1579 τῶν
940 1522 1259 1599 ὀρθοδόξων,
1288 1524 1575 1599 γνώρισμα
1600 1529 1700 1592 τῆς
1733 1522 1935 1577 ἑαυτῶν

282 1613 604 1685 κακοηθείας
635 1614 726 1669 καὶ
776 1608 1019 1675 ἀσεϐείας
1067 1617 1346 1688 πανταχοῦ
1395 1612 1540 1686 παρά
1590 1617 1721 1666 πᾶσι
1758 1632 1931 1685 παρα-

284 1703 529 1779 σχόντες.
565 1704 742 1758 Ἔστω
772 1704 899 1777 γὰρ,
951 1703 1259 1757 Ἀθανάσιον
1310 1701 1621 1775 ᾐτιάσαντο,
1670 1701 1723 1754 τί
1762 1701 1851 1755 καὶ
1884 1702 1935 1755 οἱ

285 1788 450 1847 ἄλλοι
498 1794 859 1863 πεποιήκασιν
908 1790 1233 1860 ἐπίσκοποι;
1279 1789 1445 1852 Ποίας
1495 1788 1597 1865 ἄρα
1638 1791 1933 1868 προφάσεις

285 1882 457 1957 εἶχον,
490 1883 526 1951 ἢ
566 1887 725 1944 ποῖος
776 1879 877 1955 ἄρα
923 1882 1078 1935 κάκεῖ
1132 1881 1318 1955 νεκρὸς
1372 1880 1644 1956 Ἀρσένιος
1696 1880 1933 1953 εὑρὲθη;

282 1976 442 2032 ποῖος
472 1971 599 2045 παρ’
644 1968 831 2031 αὐτοῖς
884 1970 1163 2043 Μακάριος
1206 1963 1590 2045 πρεσϐύτερος,
1640 1969 1729 2023 καὶ
1768 1971 1937 2040 ποτή-

285 2080 399 2137 ριον
438 2056 731 2113 κέκλασται
765 2078 777 2127 ;
811 2063 969 2121 ποῖος
1017 2055 1341 2120 Μελιτιανὸς
1392 2057 1699 2129 ὑπεκρίνετο
1734 2077 1748 2129 ;
1780 2056 1939 2113 Ἀλλ’

286 2149 361 2211 ὡς
420 2147 590 2203 ἔοικεν
646 2147 697 2218 ἐξ
756 2147 997 2218 ἐκείνων,
1047 2147 1137 2202 καὶ
1184 2149 1253 2202 τά
1297 2148 1433 2201 κατά
1484 2146 1795 2202 Ἀθανάσιον
1826 2148 1938 2221 (32)

286 2235 553 2293 δείκνυται
595 2234 787 2311 ψευδῆ’
834 2238 925 2291 καὶ
977 2235 1028 2307 ἐξ
1078 2237 1151 2290 ὧν
1201 2233 1258 2290 δὲ
1306 2235 1607 2309 Ἀθανασίῳ
1655 2234 1941 2312 ἐπεχείρη-

284 2348 401 2401 σαν,
436 2324 582 2397 δῆλα
609 2326 699 2381 καὶ
728 2328 797 2382 τὰ
824 2328 939 2381 κατ’
971 2324 1187 2381 ἐκείνων
1222 2324 1333 2380 ἐστὶ
1380 2323 1754 2399 πεπλασμένα.
1788 2326 1941 2401 Μέγα

283 2437 336 2472 τι
384 2415 573 2490 θηρίον
624 2413 843 2487 ἐξῆλθεν
895 2414 982 2471 ἐπὶ
1030 2422 1157 2490 γῆς,
1207 2416 1243 2483 ἡ
1289 2411 1491 2489 α’ίρεσις
1540 2414 1696 2484 αὕτη’
1742 2414 1803 2469 οὐ
1837 2415 1939 2490 γὰρ

293 2505 456 2580 μόνον
488 2510 606 2569 τοῖς
720 2526 847 2579 μασι
888 2504 964 2567 ὡς
1008 2509 1124 2566 τοῖς
1177 2501 1359 2558 ὀδοῦσι
1398 2501 1624 2578 βλάπτει
1654 2502 1781 2565 τοὺς
1814 2504 1943 2559 ἀκε-

290 2593 475 2671 ραίους
503 2639 517 2665 ,
560 2592 708 2649 ἀλλὰ
754 2593 845 2648 καὶ
893 2594 992 2663 τὴν
1054 2590 1243 2663 ἔξωθεν
1304 2591 1541 2662 ἐξουσίαν
1603 2591 1941 2666 ἐμισθώσατο

287 2684 424 2761 πρὸς
475 2678 799 2752 ἐπιϐουλὴν.
846 2680 946 2737 Καὶ
992 2682 1055 2737 τὸ
1103 2679 1428 2756 παράδοξον,
1478 2680 1583 2753 ὅτι,
1634 2682 1769 2737 καθὰ
1806 2702 1941 2755 προ-

291 2779 464 2845 εῖπον,
498 2769 675 2835 οὐδεὶς
702 2771 918 2827 ἐκείνων
946 2776 1353 2848 κατηγορεῖταιο
1383 2771 1442 2826 ἂν
1476 2768 1533 2826 δὲ
1562 2772 1941 2848 κατηγορηθῇ,

292 2863 356 2919 οὐ
387 2861 644 2940 κρίνεται,
676 2862 711 2931 ἢ
758 2858 915 2933 δόξας
963 2860 1266 2932 ἀκούεσθαι,
1323 2857 1624 2917 δικαιοῦται
1670 2862 1807 2916 κατά
1834 2865 1942 2917 τῶν

294 2952 661 3029 ἐλεγχόντων·
695 2952 784 3006 καὶ
820 2948 1034 3026 μᾶλλον
1071 2951 1099 3005 ὁ
1147 2948 1396 3027 ἐλέγχων
1443 2945 1876 3017 ἐπιϐουλεύεται,
1906 2952 1942 3021 ἢ

296 3044 326 3097 ὁ
359 3040 647 3103 ὑπεύθυνος
680 3038 826 3102 ὅλως
874 3038 1200 3114 ἐντρέπεται.
1240 3039 1441 3102 Πάντες
1472 3038 1560 3095 οὖν
1595 3041 1706 3114 (33)
1737 3041 1789 3094 οἱ
1818 3041 1947 3114 παρ’

295 3130 482 3195 αὐτοῖς
516 3129 701 3205 μεστοὶ
749 3127 920 3206 ῥύπου
948 3128 1298 3205 τυγχάνουσι·
1347 3128 1438 3182 καὶ
1487 3129 1539 3182 οἱ
1590 3129 1715 3202 παρ’
1758 3128 1943 3191 αὐτοῖς

2041 541 2306 611 cupiunt.
2339 545 2395 595 et
2414 541 2957 612 irreprehemibz'lem
2979 548 3324 613 agnoscunt,
3359 543 3516 599 hunc
3540 545 3694 600 tollit

2042 630 2377 701 imperator.
2411 629 2468 683 in
2503 628 2891 702 exsiliumque
2942 630 3159 698 mittit;
3218 648 3390 703 quem
3421 649 3557 689 vero
3588 651 3693 689 nec

2041 715 2245 770 volunt
2275 733 2379 771 nec
2400 720 2635 781 norunt,
2669 716 2825 772 hunc
2846 735 2875 773 e
2897 719 3216 791 longinquo
3248 738 3382 776 cum
3407 721 3696 777 militibus

2041 809 2099 860 et
2129 803 2337 859 litteris
2368 805 2493 860 suis
2516 806 2714 860 mittit.
2744 809 2822 863 Ac
2847 807 3056 863 dehinc
3087 826 3303 881 magna
3327 809 3380 863 vi
3404 815 3699 883 coguntur

2042 891 2243 965 populi
2276 910 2409 948 eum
2451 895 2581 949 odio
2640 894 2874 961 habere,
2935 913 3109 968 quem
3169 902 3372 970 utpote
3426 916 3603 955 suum
3635 900 3695 957 in

2042 980 2322 1053 religione
2344 984 2695 1055 magistrum
2717 989 2772 1039 et
2797 989 3021 1057 patrem
3046 986 3303 1059 diligunt
3328 1006 3339 1043 :
3366 987 3533 1044 illum
3561 1006 3694 1047 vero

2042 1069 2304 1143 diligere,
2339 1088 2513 1143 quem
2558 1072 2801 1129 nolunt:
2837 1091 2901 1129 ac
2927 1076 2978 1130 ei
3008 1074 3222 1132 liberos
3273 1094 3413 1134 suos
3466 1096 3698 1137 concre-

2043 1160 2200 1228 dere,
2232 1162 2401 1232 cujus
2433 1176 2624 1217 mores
2674 1169 2729 1217 et
2772 1162 2900 1217 vitae
2954 1164 3315 1232 institutum,
3368 1167 3486 1224 imo
3518 1186 3695 1241 quem

2048 1249 2321 1321 quisnam
2354 1251 2431 1305 sit
2458 1250 2766 1323 ignorant:
2803 1258 2905 1307 aut
2936 1254 3185 1326 denique
3212 1273 3411 1328 poenas
3452 1257 3613 1315 luere
3642 1259 3696 1315 si

2042 1338 2384 1410 imperatori
2416 1356 2529 1395 non
2565 1341 2985 1413 obtemperent.

2114 1428 2167 1483 5.
2201 1431 2331 1483 Haec
2390 1446 2545 1485 nunc
2597 1434 2737 1485 sunt
2778 1430 3093 1502 impiorum
3139 1437 3325 1505 gesta,
3382 1434 3502 1491 haec
3555 1436 3694 1493 olim

2044 1516 2217 1573 etiam
2285 1523 2486 1575 contra
2541 1520 2895 1575 orthodoxos
2956 1527 3402 1593 perpetrarunt:
3460 1542 3698 1598 suaeque

2046 1607 2281 1662 malitiae
2314 1624 2379 1662 ac
2410 1608 2729 1679 impietatis
2760 1615 3109 1680 argumenta
3148 1613 3301 1683 apud
3332 1628 3534 1669 omnes
3569 1615 3696 1669 ubi-

2047 1712 2159 1767 que
2190 1695 2552 1768 pervulgant.
2601 1697 2746 1752 Nam
2778 1702 2902 1753 esto
2948 1698 3336 1755 Athanasium
3386 1718 3698 1758 accusave-

2049 1784 2183 1853 rint,
2218 1786 2317 1841 sed
2378 1786 2519 1857 quid
2568 1786 2705 1841 mali
2762 1787 3052 1844 admisere
3093 1788 3191 1843 alii
3231 1790 3484 1863 episc0pi
3510 1792 3536 1846 ?
3567 1792 3700 1864 quis

2047 1875 2325 1930 adversus
2357 1875 2489 1930 illos
2520 1876 2840 1931 obtentus?
2869 1877 3011 1947 quid
3062 1880 3217 1949 apud
3250 1879 3383 1935 illos
3416 1882 3700 1937 Arsenius

2047 1968 2315 2019 mortuus
2338 1969 2601 2035 repertus
2623 1965 2755 2020 est?
2780 1965 3053 2036 quisnam
3077 1968 3233 2039 apud
3256 1968 3388 2025 illos
3412 1970 3702 2028 Macarius

2047 2053 2368 2125 presbyter,
2402 2058 2502 2109 aut
2544 2053 2696 2108 calix
2742 2054 3123 2111 confractus?
3171 2058 3304 2129 quis
3354 2058 3702 2117 Meletianus

2048 2141 2460 2198 insimulavit?
2492 2142 2625 2209 Sed,
2658 2147 2721 2197 ut
2751 2159 2818 2197 ex
2848 2160 3049 2199 eorum
3070 2147 3251 2216 gestis
3272 2146 3458 2218 liquet
3486 2154 3543 2204 et
3573 2166 3702 2220 quae
3766 2200 3767 2203 η

2050 2235 2252 2287 contra
2285 2231 2667 2287 Athanasium
2694 2232 2885 2288 dixere
2911 2233 3057 2288 falsa
3088 2236 3515 2293 ostenduntur:
3549 2245 3606 2294 et
3633 2256 3703 2295 ex

2048 2320 2122 2377 iis
2153 2338 2282 2393 quae
2314 2325 2515 2376 contra
2546 2321 2935 2377 Athanasium
2970 2322 3156 2379 moliti
3188 2330 3327 2381 sunt
3359 2332 3539 2398 patet,
3573 2346 3701 2400 quae

2050 2409 2183 2466 aliis
2200 2410 2559 2482 imputavere
2581 2411 2855 2466 similiter
2875 2428 3003 2467 esse
3024 2413 3288 2469 conﬁcta.
3318 2415 3531 2488 Ingens
3553 2434 3703 2490 quas-

2051 2500 2187 2555 dam
2219 2500 2415 2556 bellua
2442 2501 2501 2554 in
2532 2506 2749 2556 terram
2793 2501 2984 2573 exivit,
3017 2501 3137 2557 haec
3180 2512 3389 2577 nempe
3419 2504 3696 2564 heresis:

2051 2606 2178 2661 quae
2209 2607 2325 2646 non
2357 2588 2551 2645 solum
2601 2591 2793 2646 verbis
2843 2593 3011 2663 quasi
3059 2592 3333 2651 dentibus
3360 2596 3702 2656 innocentes

2051 2678 2210 2734 ladit
2234 2696 2247 2746 ;
2282 2680 2383 2735 sed
2407 2682 2464 2735 et
2492 2679 2565 2735 ad
2589 2678 2833 2735 insidias
2857 2682 3149 2752 parandas
3175 2688 3476 2742 externam
3507 2693 3706 2759 poten-

2052 2768 2197 2824 tiam
2225 2768 2489 2825 mercede
2511 2769 2807 2824 conduxit.
2832 2770 2902 2825 Et
2922 2772 3078 2843 quod
3100 2775 3455 2845 stupendum
3481 2781 3588 2847 est,
3616 2778 3705 2833 uti

2045 2857 2172 2929 jam
2204 2858 2344 2925 dixi,
2369 2857 2568 2913 nullus
2594 2875 2795 2915 eorum
2820 2865 3145 2933 accusatur,
3168 2867 3270 2918 aut
3292 2865 3341 2920 si
3367 2872 3700 2933 accusatur,

2055 2964 2170 3003 non
2192 2947 2514 3018 judicatur,
2536 2946 2623 3003 vel
2654 2947 2704 3004 si
2724 2947 3069 3023 interrogari
3101 2951 3384 3023 videatur,
3409 2955 3705 3013 damnatis

2053 3036 2126 3093 iis
2158 3037 2255 3108 qui
2288 3053 2351 3092 se
2380 3036 2819 3107 convincebant,
2874 3038 2998 3110 ipse
3047 3039 3375 3097 declaratur
3405 3044 3700 3101 innoxius.

2054 3126 2372 3198 Potiusque
2421 3131 2726 3183 accusator
2780 3128 2880 3199 qui
2929 3145 3094 3185 reum
3143 3132 3434 3188 convincit
3468 3132 3703 3191 insidiis

294 3223 652 3289 κατάσκοποι,
700 3217 762 3275 οὗ
812 3220 915 3295 γὰρ
968 3217 1274 3287 ἐπίσκοποι,
1324 3214 1537 3291 μᾶλλόν
1589 3216 1690 3271 εἰσι
1726 3218 1940 3272 πάντων

2059 3215 2292 3289 petitur,
2326 3232 2501 3288 quam
2526 3216 2651 3289 ipse
2676 3232 2811 3273 reus
2833 3218 2995 3273 274
3015 3219 3236 3290 pudore
3268 3220 3464 3293 aliquo
3484 3222 3708 3280 suﬂ‘un-

300 3311 701 3389 ῥυπαρώτεροι.
737 3308 836 3363 Καὶ
869 3305 921 3363 εἷ’
960 3329 1043 3371 τις
1084 3307 1210 3382 παρ’
1260 3305 1445 3369 αὐτοῖς
1477 3303 1771 3369 ἐπίσκοπος
1800 3303 1945 3361 θέλει

294 3400 563 3476 γενέσθαι,
621 3397 720 3454 οὐκ
778 3397 995 3452 ἀκούει·
1045 3401 1135 3451 Δεῖ
1188 3395 1278 3451 τὸν
1334 3393 1625 3451 ἐπίσκοπον
1683 3392 1945 3466 ἀνεπίλη-

293 3510 428 3544 πτον
473 3487 639 3543 εἶναι·
693 3483 839 3542 ἀλλά
899 3485 1085 3561 μόνον’
1140 3483 1335 3561 Φρόνει
1378 3485 1515 3539 κατᾶ
1559 3488 1813 3559 Χριστοῦ,
1856 3484 1947 3539 καὶ

300 3580 375 3653 μή
410 3576 660 3657 φρόντιζε
689 3575 812 3652 περὶ
858 3573 1076 3651 τρόπων
1127 3575 1257 3648 (34)·
1310 3572 1463 3649 ἀρκεῖ
1509 3574 1610 3650 γὰρ
1660 3571 1831 3629 ἐκεῖνό
1864 3594 1947 3627 σοι

296 3668 435 3744 πρὸς
468 3667 737 3737 σύστασιν,
781 3664 870 3719 καὶ
901 3666 1037 3741 πρὸς
1076 3661 1342 3738 βασιλέως
1396 3661 1603 3741 φιλίαν.
1630 3664 1947 3736 Ταῦτα

302 3758 396 3831 μὲν
424 3754 549 3829 περὶ
596 3758 704 3809 τῶν
749 3754 815 3808 τὰ
861 3758 956 3808 τοῦ
1002 3750 1213 3827 Ἀρείου
1263 3751 1623 3830 φρονούντων·
1656 3752 1709 3807 οἱ
1758 3749 1817 3806 δὲ
1848 3757 1950 3821 τῆς

300 3842 556 3915 ἀληθείας
593 3842 859 3915 ζηλωταὶ,
908 3840 1002 3896 κᾶν
1056 3841 1202 3916 ἅγιοι
1229 3842 1319 3895 καὶ
1359 3842 1583 3918 καθαροὶ
1632 3841 1947 3919 φαίνωνται,

296 3933 435 3988 καθὰ
482 3936 767 4009 προεῖπον,
820 3928 947 3985 ἀλλ’
998 3929 1279 3984 ὑπεύθυνοι
1329 3928 1592 4005 γίνονται,
1642 3929 1766 3985 ὅταν
1800 3930 1950 3984 οὗτοι

297 4021 519 4095 θὲλωσι,
564 4022 655 4076 καὶ
687 4022 761 4083 ὡς
803 4020 862 4075 ἂν
914 4018 1095 4081 αὐτοῖς
1143 4016 1300 4094 δοκῇ,
1352 4019 1617 4097 πρόφασιν
1667 4018 1949 4093 πλασαμέ-

294 4132 433 4174 νοις’
483 4110 573 4166 καὶ
618 4114 781 4165 τοῦτο
828 4104 1015 4180 ἔξεστι,
1062 4110 1201 4163 καθά
1246 4114 1533 4185 προεῖπον,
1583 4106 1643 4163 ἐκ
1684 4112 1791 4163 τῶν
1826 4110 1953 4182 παρ’

299 4200 472 4255 αὐτῶν
508 4198 857 4275 πραχθέντων
888 4194 1142 4253 συνιδεῖν.

2055 3305 2244 3361 datur.
2278 3305 2445 3377 Apud
2477 3303 2610 3361 illos
2659 3304 2856 3377 itaque
2910 3323 3079 3363 nemo
3120 3312 3210 3363 est
3257 3310 3399 3381 quin
3432 3312 3707 3370 sordibus

2056 3397 2313 3449 scatent:
2347 3409 2670 3467 eorumque
2712 3396 3022 3468 catascOpi,
3073 3397 3130 3453 id
3176 3403 3266 3454 est
3293 3399 3706 3473 exploratores,

2056 3482 2215 3539 haud
2247 3486 2404 3539 enim
2435 3484 2691 3557 episcopi
2712 3486 3113 3558 nuncupandi,
3142 3489 3407 3545 omnium
3433 3492 3713 3549 sordidis-

2059 3572 2193 3628 simi
2227 3576 2386 3628 sunt.
2420 3573 2478 3628 Si
2510 3573 2644 3645 quis
2675 3575 2829 3647 apud
2861 3574 2991 3631 illos
3022 3581 3184 3647 optat
3213 3578 3524 3652 episcopus
3555 3597 3707 3651 esse,

2059 3663 2110 3717 is
2139 3662 2258 3717 haec
2290 3679 2404 3717 non
2436 3662 2634 3719 audit:
2670 3662 2881 3733 Oportet
2926 3667 3254 3737 episcopum,
3306 3670 3710 3741 irreprehensi-

2061 3752 2223 3807 bilem
2252 3767 2365 3806 esse
2394 3752 2438 3786 ⁹⁶
2466 3777 2479 3818 ;
2511 3753 2612 3807 sed
2646 3751 2838 3808 solum
2865 3769 2878 3808 :
2916 3758 3127 3811 Contra
3146 3756 3440 3813 Christum
3466 3760 3710 3827 sentias,

2062 3858 2165 3896 nec
2197 3841 2267 3896 de
2298 3840 2563 3896 moribus
2594 3857 2799 3897 cures:
2834 3847 2923 3898 est
2951 3843 3103 3899 enim
3137 3845 3279 3901 illud
3312 3847 3414 3903 tibi
3448 3850 3615 3919 satis,
3647 3855 3713 3907 ut

2062 3931 2508 3986 commendatus
2537 3930 3026 4003 imperatorisque
3058 3934 3284 3991 amicus
3316 3937 3548 3994 evadas.
3583 3943 3711 3995 Haec

2063 4020 2133 4074 de
2161 4018 2234 4075 iis
2265 4019 2365 4091 qui
2395 4036 2529 4074 cum
2558 4020 2693 4075 Ario
2740 4022 3023 4077 sentiunt.
3075 4024 3353 4080 Veritatis
3394 4032 3589 4083 autem
3622 4012 3711 4084 Se-

2064 4112 2334 4176 ctatores,
2367 4109 2750 4179 quantumvis
2801 4111 3009 4179 sancti,
3066 4115 3445 4183 quantumvis
3476 4117 3607 4188 puri
3631 4116 3717 4173 vi-
3828 4122 3831 4125 ’

2063 4199 2328 4265 deantur,
2362 4198 2448 4253 uti
2493 4215 2673 4270 supra
2717 4198 2857 4270 dixi,
2918 4200 2998 4256 rei
3046 4201 3354 4271 habentur,
3405 4204 3523 4262 illis
3563 4206 3716 4262 arbi-

296 4293 457 4347 tratu
490 4306 597 4347 suo
617 4288 868 4345 crimina
899 4287 1485 4344 comminiscentibus
1510 4305 1523 4344 :
1548 4304 1795 4361 eamque
1824 4306 1967 4357 rem,
1993 4288 2217 4345 dictum
2249 4291 2358 4355 est,
2391 4304 2460 4343 ex
2489 4304 2690 4344 eorum
2717 4289 2899 4361 gestis
2931 4291 3361 4363 deprehendere
3390 4292 3542 4351 licet.

368 4451 420 4507 4,
469 4449 583 4521 (36)
629 4445 922 4510 Εὐστάθιός
970 4468 1054 4509 τις
1104 4447 1170 4517 ἦν
1232 4445 1529 4510 ἐπίσκοπος
1584 4454 1687 4519 τῆς
1747 4449 1942 4504 Ἀντιο-

2135 4450 2187 4504 li.
2203 4448 2545 4504 Eustathius
2558 4448 2795 4521 quidam
2813 4448 3369 4509 fuitAnthiochenus
3383 4453 3714 4527 episcopus,

300 4538 480 4615 χείας,
514 4538 650 4611 ἀνὴρ
685 4537 1066 4613 ὁμολογητὴς,
1098 4537 1188 4591 καὶ
1234 4538 1335 4606 τὴν
1365 4536 1543 4591 πίστιν
1573 4532 1820 4607 εὐσεϐής.
1854 4537 1955 4591 Οὗ-

299 4648 417 4699 τος,
450 4623 637 4695 ἐπειδὴ
668 4624 844 4690 πολὺς
889 4629 955 4696 ἦν
1009 4624 1189 4695 ζηλῶν
1244 4626 1374 4702 ὑπὲρ
1404 4632 1506 4695 τῆς
1545 4625 1825 4696 ἀληθείας,
1857 4628 1957 4697 τήν

300 4738 361 4773 τε
392 4718 675 4790 ’Δρειανήν
727 4713 936 4793 α’ίρεσιν
978 4713 1175 4790 ἐμίσει,
1224 4715 1313 4770 καὶ
1355 4715 1482 4779 τοὺς
1530 4720 1857 4795 φρονοῦντας
1893 4717 1961 4770 τὰ

304 4805 516 4877 ἐκείνης
566 4805 666 4861 οὐκ
714 4804 957 4883 ἐδέχετο,
1008 4800 1359 4861 διαϐάλλεται
1410 4804 1795 4877 Κωνσταντίνῳ

382 4952 426 4987 ⁹⁶
458 4953 479 5007 Ι
510 4951 663 5008 Tim.
696 4969 782 5023 ιιι,
812 4954 867 5008 2.

520 5093 615 5169 Sic
646 5093 787 5169 Reg.
820 5092 996 5169 Editi,
1034 5091 1167 5169 μετὰ
1204 5110 1533 5169 γραμμτων.

379 5165 493 5235 (31)
525 5165 624 5218 Ἦν
656 5165 821 5222 deest
849 5166 908 5221 in
932 5166 1106 5221 Basil.

379 5237 492 5303 (32)
524 5238 694 5293 Forte
721 5236 857 5291 κατά
885 5234 1227 5292 Ἀθανασίου.

403 5238 492 5310 32)
524 5238 694 5293 Forte
721 5238 857 5291 κατά

403 5309 493 5378 33)
708 5312 861 5381 γοῦν.

403 5380 600 5436 3iiSIc
675 5384 861 5436 θελοι(

403 5309 493 5378 33)
524 5309 671 5436 Regi
708 5312 861 5381 γοῦν.

376 5309 600 5505 (ὶῖὶδὶο
675 5396 763 5453 eg.
779 5384 836 5437 et
848 5379 985 5436 edit.
1011 5379 1232 5436 Comm.
1248 5379 1399 5435 Edit.
1414 5395 1548 5435 vero
1570 5378 1801 5448 Patris.,
1816 5376 1966 5455 περὶ·

304 5469 534 5526 τροπον.

380 5524 492 5620 ἓξὲξ
524 5524 1012 5620 ἓεξμτοζαῗὲᾗειε

380 5592 710 5668 (36)ῌᾼ1ἱῐιω
768 5592 1148 5668 depositionis
1206 5592 1502 5668 Eustachii
1552 5610 1790 5668 causam
1822 5594 1959 5668 affe-

308 5665 450 5725 runt
474 5665 886 5742 Hieronymus,
916 5665 1203 5739 Socrates,
1229 5666 1584 5723 Sozomenus
1614 5670 1672 5724 et
1701 5666 1969 5723 Theodo-

2067 4538 2364 4593 confessor
2393 4554 2457 4591 ac
2512 4538 2628 4592 fide
2661 4537 2813 4608 pius.
2868 4538 2920 4593 Is
2969 4555 3101 4594 cum
3152 4540 3450 4596 veritatem
3484 4558 3718 4599 summo

2072 4626 2267 4682 studio
2298 4630 2580 4696 tueretur,
2614 4630 2883 4699 essetque
2901 4627 3125 4683 Arianze
3156 4627 3362 4686 haeresi
3392 4630 3720 4687 infensissi-

2073 4732 2227 4783 mus,
2260 4715 2681 4787 haereticosque
2710 4715 2843 4772 illos
2876 4733 2991 4772 non
3014 4717 3367 4791 admitteret,
3396 4721 3550 4791 apud
3578 4720 3725 4777 Con-

2070 4804 2355 4862 stantium
2404 4805 2813 4873 imperatorem
2862 4805 3261 4877 insimulatur,
3310 4809 3559 4865 conﬁcta
3605 4810 3723 4865 cri-

2074 5097 2257 5167 retus,
2287 5091 2442 5163 quod
2448 5107 2672 5167 _nempe
2696 5108 2729 5167 a
2754 5090 3099 5167 muliercula
3124 5093 3352 5150 delatus
3375 5093 3569 5159 fuerit,
3594 5111 3723 5167 quas

2075 5181 2137 5219 se
2160 5163 2347 5218 filium
2362 5180 2431 5218 ex
2448 5164 2749 5217 Eustathio
2767 5164 3100 5235 suscepisse
3116 5168 3527 5223 mentiebatur.
3548 5163 3726 5223 Aiunt

2074 5237 2214 5291 item
2247 5236 2406 5290 Socr.
2439 5240 2497 5289 et
2525 5238 2748 5301 Sozom,
2776 5234 3410 5295 illum’Sabellianismi
3432 5239 3612 5294 fuisse
3638 5256 3727 5294 ac-

2075 5312 2368 5379 cusatum.
2402 5306 2513 5379 sed
2545 5306 2696 5379 nihil
2722 5312 3007 5379 repugnat
3053 5310 3216 5365 varia
3247 5311 3494 5366 crimina
3522 5315 3724 5367 sancto

2074 5377 2309 5471 Press“
2339 5379 2420 5471 ΡΒ
2438 5377 3035 5471 ἒῗὲίῖὲξίὲἱῗὲωέῖὲείίδ
3064 5379 3266 5471 raise;
3292 5383 3406 5471 ῌεο
3439 5383 3510 5471 eis
3542 5399 3602 5437 re
3636 5384 3725 5466 fu-

2075 5449 2200 5507 sius
2230 5450 2289 5505 in
2319 5449 2786 5523 AthpanasiiWVz'ta.
2822 5449 3136 5523 Chrysost.
3167 5457 3211 5507 t.
3249 5455 3267 5507 l
3300 5453 3604 5509 homiliam
3634 5453 3726 5510 in-

2074 5526 2301 5580 tegram
2334 5522 2393 5575 in
2424 5521 2583 5577 hunc
2613 5521 2986 5577 Eustathium
3018 5522 3241 5580 habuit.

2167 5593 2259 5719 37)
2290 5592 2445 5674 Editi
2474 5592 2843 5666 Κωνσταντίῳ.
2878 5596 2950 5649 At
2979 5594 3118 5669 Reg.
3151 5596 3340 5669 prima
3369 5612 3551 5651 manu
3581 5601 3729 5650 Κων-

2167 5683 2230 5719 ιντ
2255 5684 2354 5719 νω.
2387 5664 2525 5719 hino
2545 5663 2736 5719 deleto
2757 5686 2783 5719 ν
2815 5667 3036 5719 factum
3062 5672 3151 5719 est
3180 5665 3582 5719 Κωνστναντίω.
3607 5668 3719 5719 Sed

2075 5663 2354 5738 σταντίνῳ.
2387 5664 2525 5722 hino
2545 5663 2736 5724 deleto
2757 5663 3036 5725 v‘faotum
3062 5663 3582 5730 ὅθίΚωνστναντίω.
3607 5668 3720 5731 Sed
