4132 6408
296 320 409 379 ’701

1234 314 1610 378 HISTORIA
1655 314 2121 377 ARIANORUM
2166 314 2267 375 AD
2314 313 2768 376 MONACHOS.

3592 320 3711 382 702

296 451 488 504 ἐαυτοῦ
518 447 719 520 πίστιν,
763 447 829 515 ἢν
881 446 970 501 καὶ
1012 448 1048 516 ἡ
1097 448 1233 502 κατὰ
1266 444 1536 522 Σαρδικῆν
1577 444 1801 509 σύνοδος
1853 448 1950 501 ἀπ-

2069 450 2319 518 synodus
2350 447 2712 520 approbavit.
2746 446 3057 503 Eusebiani
3094 463 3226 503 vero
3257 465 3444 521 neque
3474 468 3535 507 se
3569 470 3709 525 pur-

298 536 509 608 εδέξατο
544 556 556 569 ·
591 537 643 591 οἱ
673 534 731 591 δέ
760 534 883 611 περῖ
918 531 1177 591 Εὑσέϐιον
1212 533 1335 591 οὔτε
1366 533 1948 611 ἀπελογήσαντορῧτε,

299 625 662 702 ἐλεγχόμενοι
720 626 771 696 ἐξ
826 626 899 679 ὦν
954 623 1193 703 ἔγραψαν
1255 620 1504 699 ἀσεϐεῖς,
1563 626 1950 701 ἐνετράπησαν,

301 713 447 771 ἀλλὰ
487 716 577 769 καὶ
633 713 845 788 μᾶλλον
899 714 1251 789 ἐθρασύνοντο
1306 717 1443 770 κατὰ
1492 715 1738 769 πάντων·
1803 714 1951 789 εἶχον

301 806 405 881 γὰρ
436 806 535 873 τῆν
567 804 701 880 πρὸς
740 802 966 878 βασιλέα
1016 806 1164 880 παρὰ
1208 808 1314 858 τῶν
1366 808 1634 879 γυναικῶν
1686 802 1953 873 σύστασιν,

300 894 390 948 καὶ
419 898 577 947 πᾶσιν
610 893 743 961 ἦσαν
782 887 1026 971 φοϐεροί.

371 986 428 1039 7.
460 982 591 1056 Περὶ
640 978 697 1036 δέ
746 981 965 1036 Παύλου
1003 986 1101 1037 τοῦ
1139 987 1241 1051 τῆς
1293 981 1697 1037 Κωνσταντίνου
1739 979 1957 1044 πόλεως

302 1070 619 1143 ἐπισκόπου,
670 1070 881 1143 νομίζω
938 1068 1146 1145 μηδένα
1191 1070 1427 1147 ἀγνοεῖν·
1472 1070 1585 1143 ὅσῳ
1614 1071 1717 1146 γὰρ
1760 1071 1956 1149 ἐπιφα-

301 1163 402 1230 νής
432 1161 467 1229 ἡ
500 1158 687 1229 πόλις,
716 1158 962 1232 τοσούτῳ
987 1161 1076 1215 καὶ
1113 1161 1176 1215 τὸ
1209 1160 1498 1236 γενόμενον
1533 1162 1595 1215 οὑ
1640 1161 1956 1235 κέκρυπται.

301 1252 414 1323 (45)
441 1250 540 1304 Καὶ
582 1249 719 1303 κατᾶ
748 1247 941 1303 τούτου
990 1249 1170 1304 τοίνυν
1221 1249 1489 1328 πρόφασις
1544 1247 1808 1319 ἐπλάσθη.
1856 1248 1955 1303 Καὶ

301 1339 405 1415 γὰρ
433 1338 461 1392 ὁ
507 1340 893 1414 κατηγορήσας
947 1338 1111 1393 αὑτοῦ
1160 1336 1513 1412 Μακεδόνιος,
1548 1340 1576 1394 ὁ
1606 1342 1693 1393 νῦν
1747 1337 1958 1392 ἐπίσκο-

306 1448 409 1490 πος
441 1428 549 1482 ἀντ’
598 1426 767 1482 αὑτοῦ
812 1426 1126 1502 γενόμενος,
1162 1427 1447 1503 παρόντων
1491 1430 1652 1502 ἡμῶν
1695 1427 1832 1481 κατᾶ
1859 1428 1958 1496 τὴν

301 1514 659 1593 κατηγορίαν,
710 1518 1100 1587 κεκτινώνηκεν
1153 1516 1319 1589 αὑτῷ,
1367 1516 1457 1572 καὶ
1496 1510 1857 1592 πρεσϐύτερος
1889 1518 1954 1584 ἧν

306 1605 391 1660 ὑπ’
440 1605 596 1660 αὑτὸν
646 1603 737 1659 τὸν
788 1610 1027 1663 Παῦλον.
1078 1606 1178 1660 Καὶ
1232 1605 1408 1679 ὅμως,
1459 1602 1643 1674 ἐπειδὴ
1700 1598 1958 1666 Εὐσέϐιος

305 1693 689 1772 ἐπωφθαλμία,
738 1692 912 1749 θέλων
963 1695 1197 1770 ἁρπάσαι
1243 1696 1342 1764 τὴν
1377 1694 1675 1762 ἐπισκοπὴν
1707 1699 1809 1762 τῆς
1855 1692 1956 1747 πό-

304 1780 446 1845 λεως
494 1781 658 1856 (οὕτω
695 1784 798 1858 γὰρ
847 1783 937 1837 καὶ
986 1782 1092 1837 ἀπὸ
1139 1787 1383 1857 Βηρυτοῦ
1433 1782 1509 1845 εἰς
1558 1783 1657 1851 τῆν
1708 1783 1957 1855 Νικομή-

305 1869 447 1926 δειαν
486 1869 794 1945 μετῆλθεν),
845 1868 1051 1944 ἔμεινεν
1105 1873 1140 1940 ἡ
1208 1872 1476 1949 πρόφασις
1532 1872 1667 1926 κατᾶ
1714 1869 1953 1940 Παύλου,

302 1960 391 2014 καὶ
425 1960 525 2014 οὑκ
553 1960 838 2033 ἠμέλησαν
888 1967 990 2029 τῆς
1046 1955 1370 2031 ἐπιϐουλῆς,
1421 1959 1547 2015 ἀλλ’
1580 1957 1790 2034 ἔμειναν
1844 1958 1957 2013 δια-

304 2044 627 2111 ϐάλλοντες.
679 2048 777 2103 Καὶ
822 2049 883 2102 τὸ
938 2050 1032 2122 μέν
1090 2054 1306 2124 πρῶτον
1367 2050 1442 2112 εἰς
1500 2051 1589 2104 τὸν
1644 2050 1838 2104 Πόντον
1881 2049 1958 2120 ἐξ·

305 2136 508 2213 ωρίσθη
542 2138 689 2213 παρὰ
720 2137 1096 2193 Κωνσταντίου
1148 2142 1283 2210 (46)·
1315 2141 1378 2193 τὸ
1424 2136 1480 2194 δέ
1529 2138 1772 2214 δεύτερον
1813 2139 1958 2213 παρᾶ

304 2225 698 2296 Κωνσταντίου,
759 2225 922 2288 διθεὶς
976 2224 1194 2282 ἁλύσεσι
1253 2224 1524 2305 σιδηραῖς,
1579 2227 1653 2289 εἷς
1711 2228 1958 2304 Σίγγαρα

300 2322 401 2386 τῆς
458 2314 885 2389 Μεσοποταμίας
941 2315 1244 2391 ἐξωρίσθη,
1296 2316 1385 2371 καί
1461 2317 1658 2372 ἐκεῖθεν
1721 2317 1798 2379 εἰς
1853 2318 1954 2386 τήν

303 2406 534 2478 Ἔμισαν
596 2405 928 2481 μετηνέχθη,
986 2406 1075 2460 καὶ
1131 2405 1194 2460 τὸ
1237 2406 1489 2481 τέταρτον
1541 2406 1617 2468 εἷς
1650 2406 1954 2461 Κούκουσον

300 2501 402 2565 τῆς
460 2491 842 2556 Καππαδοκίας
895 2494 1015 2568 περὶ
1073 2495 1139 2549 τὰ
1179 2491 1360 2571 ἔρημα
1412 2500 1509 2551 τοῦ
1558 2494 1786 2570 Ταύρου·
1839 2492 1957 2551 ἔνθα

300 2584 393 2639 καὶ
424 2584 499 2646 ὡς
529 2584 581 2639 o'l
628 2583 875 2646 συνόντες
923 2581 1289 2659 ἀπήγγειλαν,
1339 2583 1657 2659 ἀποπνιγεὶς
1703 2586 1831 2661 παρ’
1862 2585 1957 2639 αύ-

304 2677 431 2744 τῶν,
465 2671 805 2743 ἐτελεύτησε.
835 2676 1003 2727 Τοῦτο
1057 2673 1241 2746 μέντοι
1272 2670 1579 2748 δράσαντες,
1624 2674 1723 2729 ούκ
1752 2674 1958 2750 ᾐσχύν-

306 2764 473 2833 θησαν
504 2760 593 2816 καὶ
629 2762 763 2835 μετὰ
808 2762 1054 2835 θάνατον,
1091 2763 1144 2817 οἱ
1178 2760 1345 2836 μηδὲν
1397 2761 1782 2835 ἀληθεύοντες,
1814 2761 1954 2818 πλα-

308 2850 495 2907 σασθαι
532 2848 698 2906 πάλιν
749 2850 1041 2929 πρόφασιν,
1086 2850 1161 2913 ὠς
1214 2852 1319 2907 ἀπὸ
1349 2852 1504 2907 νόσου
1532 2850 1956 2923 τελευτήσαντος

304 2940 492 3011 αὑτοῦ,
522 2939 702 2995 καίτοι
754 2944 918 2995 τοῦτο
967 2939 1343 3015 γινωσκόντων
1393 2942 1605 2997 πάντων
1636 2947 1743 2998 τῶν
1774 2963 1956 2997 κατοι-

305 3027 545 3084 κούντων
576 3028 667 3084 τὸν
717 3028 885 3083 τόπον
915 3029 1141 3088 ἐκεῖνον.
1200 3030 1299 3084 Καὶ
1348 3030 1452 3107 γὰρ
1484 3030 1573 3085 καὶ
1628 3029 1953 3106 Φιλάγριος,

310 3118 557 3193 βικάριος
589 3114 663 3171 ὢν
686 3115 810 3172 τότε
855 3120 961 3172 τῶν
1011 3117 1192 3173 τόπων
1246 3117 1486 3191 ἐκείνων,
1527 3118 1617 3173 καὶ
1674 3120 1847 3173 πάντα
1890 3120 1957 3172 τὰ

2063 542 2295 609 garunt,
2328 553 2514 608 neque
2548 536 2761 609 puduit
2789 553 2887 592 eos
2919 553 2988 592 ex
3018 537 3253 609 scriptis
3286 539 3409 593 suis
3438 539 3714 611 impieta-

2062 626 2141 682 tis
2171 627 2353 681 fuisse
2380 626 2673 682 convictos
2699 642 2712 680 :
2750 627 2849 681 sed
2884 626 3165 681 audacius
3196 627 3477 683 adversus
3507 645 3716 686 omnes

2064 715 2525 771 insurrexerunt.
2559 716 2705 770 Nam
2750 715 2904 786 apud
2953 714 3365 786 imperatorem
3401 717 3715 774 mulierum

2066 803 2569 860 commendatione
2620 803 2943 876 plurimum
2986 802 3279 871 valebant,
3322 806 3717 879 omnibusque

2066 892 2363 948 formidini
2393 898 2577 947 erant.

2135 983 2189 1037 7.
2224 982 2386 1046 Quod
2439 980 2682 1036 Paulum
2722 997 2855 1037 vero
2916 985 3141 1053 spectat
3181 984 3716 1056 Constantinopolis

2065 1071 2431 1143 episcopum,
2464 1070 2755 1126 neminem
2802 1071 3072 1143 ignorare
3108 1071 3379 1137 arbitror,
3411 1089 3526 1144 quo
3558 1074 3716 1129 enim

2066 1159 2276 1216 clarior
2307 1160 2470 1226 urbs,
2501 1176 2567 1215 eo
2602 1159 2798 1214 minus
2839 1161 3099 1215 obscurae
3132 1160 3349 1217 fuerint
3378 1178 3469 1216 res
3501 1162 3583 1218 ibi
3611 1179 3716 1235 ge-

2067 1253 2188 1305 stae.
2221 1251 2421 1321 Itaque
2452 1250 2733 1305 adversus
2764 1249 2920 1304 hunc
2951 1250 3127 1305 etiam
3160 1266 3371 1307 causas
3400 1253 3716 1308 commenti

2066 1343 2224 1394 sunt.
2256 1338 2483 1393 Etenim
2533 1338 2930 1409 Macedonius,
2965 1338 3063 1409 qui
3111 1338 3279 1394 nobis
3325 1342 3714 1410 praesentibus

2066 1443 2201 1483 eum
2224 1427 2537 1493 accusavit,
2556 1427 2774 1499 quique
2788 1428 2913 1497 jam
2933 1426 3240 1499 episcopus
3261 1429 3389 1499 ejus
3413 1430 3536 1485 loco
3559 1447 3715 1486 crea-

2068 1521 2165 1572 tus
2197 1520 2306 1585 est,
2340 1533 2474 1572 cum
2505 1533 2571 1573 eo
2602 1515 3056 1572 communicavit
3081 1521 3137 1572 et
3165 1518 3277 1573 sub
3308 1518 3511 1575 eodem
3536 1519 3713 1577 Paulo

2067 1606 2368 1679 presbyter
2422 1607 2551 1661 fuit.
2610 1609 2911 1671 Attamen,
2977 1622 3110 1661 cum
3176 1606 3496 1663 Eusebium
3553 1608 3713 1666 illius

2068 1696 2231 1751 urbis
2277 1696 2652 1768 episcopatus
2682 1694 2994 1750 invadendi
3029 1694 3137 1766 (ita
3166 1695 3321 1750 enim
3352 1696 3481 1767 jam
3512 1698 3714 1771 Beryto

2067 1784 2465 1839 Nicomediam
2510 1800 2571 1839 se
2620 1783 3020 1854 transtulerat)
3070 1784 3282 1855 cupido
3340 1785 3712 1856 incessisset;

2068 1873 2168 1928 illa
2188 1874 2245 1927 in
2269 1873 2515 1928 Paulum
2537 1873 2830 1928 accusatio
2862 1873 3216 1944 perduravit,
3243 1890 3345 1929 nec
3368 1874 3450 1927 illi
3472 1874 3717 1932 insidias

2067 1979 2205 2017 suas
2240 1961 2561 2034 neglexere,
2594 1963 2692 2017 sed
2746 1962 2801 2015 in
2853 1961 3163 2017 calumniis
3214 1963 3338 2017 suis
3389 1965 3711 2035 perstitere.

2066 2053 2135 2106 Et
2168 2052 2353 2123 primo
2384 2050 2618 2123 quidem
2654 2050 2869 2106 Paulus
2901 2068 2935 2105 a
2962 2052 3342 2107 Constantino
3374 2052 3432 2107 in
3467 2053 3715 2111 Pontum

2066 2141 2358 2212 relegatus
2390 2144 2478 2196 est
2510 2158 2522 2196 :
2557 2141 2813 2196 secundo
2858 2144 3052 2195 autem
3084 2157 3118 2195 a
3146 2141 3481 2197 Constantio
3517 2142 3715 2199 ferreis

2065 2229 2287 2285 catenis
2315 2230 2567 2295 vinctus,
2596 2229 2858 2301 Singaris
2901 2229 3330 2300 Mesopotamiae
3378 2230 3665 2286 exsulavit
3699 2250 3713 2288 :

2067 2318 2227 2373 illinc
2254 2323 2455 2390 postea
2488 2318 2756 2374 Emesam
2785 2317 3107 2373 translatus
3140 2334 3152 2372 :
3187 2324 3391 2389 quarto
3422 2323 3715 2377 Cucusum

2065 2406 2464 2479 Cappadociae,
2488 2408 2559 2462 ad
2602 2408 2831 2463 deserta
2874 2406 3071 2475 Tauri,
3097 2411 3152 2462 et
3180 2406 3373 2478 isthic,
3402 2414 3468 2463 ut
3498 2425 3714 2465 renun-

2066 2496 2291 2552 tiarunt
2321 2496 2422 2567 qui
2472 2513 2605 2552 cum
2655 2512 2721 2551 eo
2774 2500 2957 2566 erant,
2982 2497 3054 2551 ab
3093 2496 3239 2567 ipsis
3286 2498 3712 2569 strangulatus,

2067 2585 2231 2641 obiit.
2266 2585 2365 2641 His
2398 2586 2479 2640 ita
2523 2586 2725 2658 gestis,
2761 2584 2906 2640 nihil
2944 2585 3112 2640 veriti
3143 2590 3301 2652 sunt,
3335 2585 3603 2643 homines
3629 2588 3715 2643 illi

2067 2675 2126 2729 in
2159 2674 2320 2729 nullo
2342 2690 2592 2742 veraces,
2619 2679 2751 2746 post
2777 2678 3024 2730 mortem
3047 2675 3176 2745 ejus
3198 2675 3344 2730 falso
3375 2693 3441 2731 ac
3471 2677 3718 2733 subdole

2068 2763 2427 2837 pervulgare,
2472 2763 2640 2819 illum
2696 2763 2897 2819 morbo
2945 2763 3297 2819 exstinctum
3347 2765 3549 2833 fuisse,
3583 2764 3720 2822 licet

2069 2868 2161 2907 res
2193 2852 2469 2907 omnibus
2492 2853 2593 2923 qui
2614 2868 2748 2907 eum
2780 2851 2973 2907 locum
3006 2852 3271 2908 incolunt
3294 2859 3591 2925 comperta
3622 2854 3716 2910 sit.

2070 2941 2291 2997 Etenim
2327 2940 2657 3014 Philagrius
2689 2941 2788 3014 qui
2830 2945 2968 2996 tunc
3014 2940 3295 3013 temporis
3327 2958 3529 2997 eorum
3564 2942 3717 2999 loco-

2067 3048 2197 3086 rum
2230 3030 2480 3086 vicarius
2500 3034 2644 3100 erat,
2669 3034 2727 3086 et
2755 3030 3021 3085 omnium
3053 3030 3408 3101 fabularum,
3433 3032 3718 3088 arbitratu

2067 3136 2291 3184 eorum,
2324 3119 2553 3185 histrio,
2586 3134 2719 3173 cum
2755 3123 2952 3173 tamen
3004 3119 3131 3173 ideo
3186 3119 3432 3175 fortasse
3479 3125 3717 3192 stupore

305 3206 523 3262 ἐκείνων
575 3204 1002 3280 ὑποκρινόμενος
1058 3206 1133 3268 ὡς
1192 3205 1251 3261 ἃν
1307 3206 1459 3261 αὑτοὶ
1507 3204 1760 3276 θέλωσιν,
1802 3205 1956 3279 ὅμως

2069 3208 2377 3280 perculsus
2396 3224 2463 3263 ac
2484 3212 2727 3263 mlestus
2750 3212 2924 3277 esset,
2953 3208 3108 3278 quod
3133 3224 3247 3263 non
3280 3208 3403 3279 ipse
3432 3209 3533 3263 sed
3565 3208 3717 3265 alius

304 3294 394 3349 ἐπὶ
422 3292 603 3366 τούτῳ
633 3294 943 3367 θαυμάζων,
989 3295 1079 3349 καὶ
1111 3293 1372 3365 λυπηθεὶς
1424 3292 1577 3364 ἴσως,
1625 3293 1707 3349 ὅτι
1745 3297 1818 3370 μὴ
1862 3295 1956 3349 αὑ-

301 3384 417 3455 τὸς,
450 3379 576 3437 ἀλλ’
606 3379 790 3458 ἓτερος
844 3382 1131 3459 εἰργάσατο
1177 3385 1239 3439 τὸ
1270 3385 1457 3454 κακὸν,
1491 3382 1795 3460 ἀπήγγειλε
1825 3383 1961 3439 πολ-

306 3469 428 3535 λοῖς
457 3491 518 3527 τε
547 3468 742 3534 ἄλλοις
773 3472 864 3526 καὶ
894 3471 1199 3549 γνωρίμοις
1228 3475 1413 3547 ἡμῶν,
1438 3474 1527 3528 καὶ
1558 3478 1637 3546 τῷ
1681 3473 1960 3547 ἐπισκόπῳ

308 3559 641 3634 Σεραπίωνι,
688 3560 763 3623 ὡς
811 3560 1030 3623 Παῦλος
1076 3560 1451 3625 ἀποκλεισθεὶς
1482 3564 1604 3640 παρ’
1635 3562 1852 3618 ἐκείνων
1882 3563 1959 3625 εἰς

303 3649 472 3705 τόπον
525 3650 642 3703 τινὰ
705 3648 1042 3726 βραχύτατον
1103 3651 1193 3706 καὶ
1246 3652 1514 3707 σκοτεινὸν
1544 3696 1559 3720 ,
1605 3651 1793 3731 ἀφείθη
1846 3654 1960 3725 (47)

311 3738 465 3812 λιμῷ
499 3735 855 3817 διαφθαρῆναι
898 3738 1010 3795 εἶτα
1063 3742 1177 3814 μεθ’
1217 3740 1429 3815 ἡμέρας
1471 3738 1546 3812 ἓξ,
1590 3741 1667 3803 ὡς
1699 3738 1961 3795 εἰσελθόν-

305 3849 397 3890 τες
446 3826 599 3903 εῦρον
648 3828 807 3883 αὑτὸν
852 3824 932 3883 ἔτι
979 3830 1227 3900 πνέοντα,
1278 3829 1471 3885 λοιπὸν
1519 3828 1827 3893 ἐπελθόντες
1861 3832 1960 3885 ἀπ-

309 3917 524 3987 έπνιξαν
554 3918 645 3971 τὸν
681 3914 990 3992 ἄνθρωπον·
1029 3920 1120 3973 καὶ
1152 3918 1293 3974 οὕτω
1324 3917 1484 3982 τέλος
1538 3918 1663 3997 ἔσχε
1691 3924 1786 3975 τοῦ
1838 3920 1959 3995 βίου

308 4005 527 4063 τούτου.
576 4002 768 4060 Τοῦδέ
813 4005 1064 4061 τοιούτου
1091 4008 1317 4063 θανάτου
1358 4006 1603 4064 διάκονον
1646 4005 1833 4084 ἔλεγον
1872 4030 1961 4083 γε-

302 4096 559 4173 γενῆσθαι
594 4092 873 4150 Φίλιππον
901 4096 991 4151 τὸν
1016 4097 1306 4171 γενόμενον
1337 4096 1601 4174 ἔπαρχον.
1633 4097 1788 4153 Ἀλλ’
1835 4095 1961 4153 οὑδέ

300 4188 465 4240 τοῦτο
496 4186 610 4259 (48)
651 4185 902 4261 παρεῖδεν
952 4186 985 4255 ἠ
1029 4186 1146 4242 θεία
1187 4184 1334 4257 δίκη·
1375 4186 1498 4243 οὑδέ
1534 4190 1638 4265 γὰρ
1678 4187 1958 4265 παρῆλθεν

378 4365 491 4439 (45)
524 4364 732 4439 In_hoc
765 4366 888 4424 loco
929 4366 1295 4439 explanando
1325 4369 1694 4425 desudarunt
1719 4368 1827 4424 viri
1858 4370 1961 4426 do-

307 4436 499 4493 ctrina
528 4436 911 4509 celeberrimi,
937 4436 1189 4509 quorum
1223 4440 1487 4496 nonnulli
1516 4441 1723 4496 vitium
1748 4441 1806 4496 in
1831 4457 1963 4496 con-

306 4513 471 4565 textu
494 4508 777 4580 suspicati
802 4508 967 4580 sunt,
983 4511 1083 4566 sed
1108 4511 1403 4567 immerito
1428 4527 1440 4565 :
1466 4528 1602 4566 nam
1626 4511 1792 4567 locus
1815 4513 1961 4569 bene

2069 3298 2127 3352 id
2161 3298 2398 3353 sceleris
2442 3301 2849 3368 perpetrasset,
2883 3296 3216 3368 permultis,
3248 3313 3315 3351 ac
3358 3297 3715 3368 quibusdam

2069 3404 2137 3442 ex
2167 3386 2323 3442 notis
2355 3386 2591 3453 nostris,
2612 3384 2859 3456 imoipsi
2882 3386 3153 3457 episcopo
3175 3385 3476 3458 Serapioni
3499 3403 3715 3442 renun-

2068 3476 2235 3531 tiavit
2257 3474 2498 3530 Paulum
2525 3475 2594 3530 ab
2627 3472 2744 3529 illis
2775 3475 2833 3529 in
2867 3478 3117 3545 angusto
3147 3479 3205 3531 et
3232 3476 3541 3531 tenebroso
3572 3493 3717 3548 quo-

2069 3565 2204 3620 dam
2230 3564 2355 3620 loco
2388 3563 2682 3619 inclusum
2732 3563 2933 3631 fuisse,
2968 3568 3034 3618 ut
3077 3563 3230 3620 fame
3258 3563 3378 3620 illic
3409 3564 3714 3621 interiret:

2070 3653 2279 3709 deinde
2310 3657 2441 3726 post
2461 3668 2560 3708 sex
2590 3652 2735 3719 dies,
2762 3669 2896 3707 cum
2928 3668 2993 3708 eo
3022 3652 3295 3725 ingressi,
3326 3652 3494 3709 illum
3526 3654 3719 3710 adhuc

2070 3741 2391 3814 spirantem
2422 3741 2803 3811 invenissent,
2830 3742 3068 3796 demum
3100 3741 3391 3798 irruentes
3417 3743 3718 3798 hominem

2069 3830 2470 3904 strangulasse
2494 3849 2505 3885 :
2532 3830 2828 3902 talemque
2858 3846 3055 3886 revera
3085 3829 3246 3887 illius
3270 3831 3488 3887 exitum
3511 3832 3715 3888 fuisse.

2070 3920 2233 3976 Illius
2265 3924 2460 3975 autem
2493 3920 2826 3975 carnificem
2868 3919 3055 3975 fuisse
3098 3920 3333 3976 aiebant
3378 3920 3717 3993 Philippum

2069 4009 2207 4064 olim
2242 4009 2599 4081 prafectum.
2623 4011 2694 4064 At
2724 4009 2832 4065 hoc
2858 4009 3083 4064 facinus
3109 4009 3306 4066 divina
3334 4011 3596 4067 vindicta
3624 4012 3720 4066 in-

2070 4097 2259 4154 ultum
2284 4116 2396 4154 non
2422 4098 2764 4170 pt'EBtBI‘iVit;
2789 4115 2943 4154 anno
2976 4099 3193 4171 quippe
3215 4100 3478 4155 nondum
3499 4100 3717 4172 elapso,

2069 4203 2203 4243 cum
2237 4187 2422 4244 multo
2454 4187 2734 4243 dedecore
2757 4187 3066 4261 Philippus
3096 4205 3131 4243 ει
3159 4189 3503 4261 praefectura
3523 4189 3720 4246 detur-

2661 4364 2876 4421 rimum
2909 4366 2990 4422 ibi
3022 4370 3308 4422 memorat
3335 4367 3718 4425 Athanasius.

2071 4438 2138 4493 Et
2166 4454 2306 4494 sane
2337 4455 2450 4494 non
2484 4437 2742 4509 insolens
2767 4437 2929 4509 illud
2960 4442 3050 4509 est
3094 4440 3246 4509 apud
3300 4439 3719 4509 Athanasium,

2071 4509 2374 4582 sicg‘paulo
2411 4509 2575 4582 intra
2606 4524 2618 4562 :
2653 4504 2954 4580 Ὀλύμπιον
3109 4504 3199 4562 τὸν
3251 4508 3355 4582 ἀπὸ
3398 4505 3598 4582 Αἴνιον,
3629 4504 3719 4565 καῖ

2070 4367 2450 4423 subsecutum
2484 4370 2591 4435 est,

306 4580 509 4655 habet,
540 4571 682 4635 dum
713 4587 869 4638 recte
892 4571 1259 4655 eiplanetur.
1294 4583 1457 4655 Ecce,
1490 4586 1689 4655 nostro
1721 4582 1956 4655 quidem

2069 4571 2505 4655 Θεόδουλονάπὸ
2553 4585 2652 4655 τῆς
2701 4571 3277 4655 Τραϊανουπόλξως....
3306 4577 3510 4655 ,ἐπειδὴ
3547 4571 3720 4655 ἐωρᾴ-

302 4650 549 4725 judicio,
580 4666 777 4725 veram
813 4650 1121 4725 Athanasii
1161 4654 1533 4709 sententiam.
1569 4654 1685 4725 Ait,
1709 4650 1954 4711 a'Mace-

307 4722 483 4779 donio
513 4722 772 4778 delatum
821 4724 1003 4781 fuisse
1054 4724 1323 4793 Paulum,
1349 4741 1413 4781 se
1442 4722 1746 4793 praesente,
1780 4726 1838 4781 id
1869 4730 1959 4782 est

306 4810 463 4851 anno
483 4794 608 4865 338,
624 4810 759 4851 cum
782 4796 856 4851 ab
877 4795 1078 4852 exsilio
1106 4802 1398 4852 revertens
1427 4794 1782 4853 Athanasius
1816 4797 1961 4853 Con-

307 4866 689 4941 stantinopoli
719 4868 1114 4941 ipertransiret
1145 4868 1292 4941 :gsed
1324 4868 1711 4924 nihilominus
1756 4875 1959 4941 postea

303 4938 505 5009 ipsum
537 4938 945 4994 Macedonium
976 4956 1111 4995 cum
1155 4939 1333 4995 Paulo
1367 4938 1856 5008 communicasse,
1892 4957 1957 4996 ac

303 5008 418 5065 sub
440 5008 568 5133 ipso
592 5012 995 5133 presbgterum
1019 5010 1218 5067 fuisse.
1236 5016 1453 5067 Verum
1476 5028 1609 5067 cum
1633 5012 1958 5067 Constanti-

303 5096 459 5133 nono
486 5082 658 5133 itanae
688 5098 750 5133 se
795 5081 845 5133 is
888 5082 1228 5133 invadendae
1258 5083 1468 5133 cunido
1518 5084 1835 5133 Eusebium
1866 5085 1954 5133 in-

300 5081 658 5155 nopolitanaa
688 5081 845 5155 sedis
888 5082 1228 5155 invadendae
1258 5083 1468 5155 cupido
1518 5084 1835 5138 Eusebium
1866 5085 1954 5139 in-

298 5152 1072 5225 cessisset,redintegratam
1096 5154 1277 5211 fuisse
1296 5152 1955 5219 criminationem.0uod

297 5227 504 5307 autem
536 5224 928 5307 subsequitur.
954 5268 965 5280 .
989 5224 1079 5307 καὶ
1116 5225 1179 5278 τὸ
1215 5225 1309 5297 μὲν
1342 5229 1585 5307 πρῶτον,
1612 5232 1747 5291 etc.,
1787 5227 1953 5295 illud,

297 5296 570 5365 inquam,
595 5311 712 5350 non
742 5296 939 5369 innuit
964 5296 1224 5369 primum
1245 5296 1514 5353 exsilium
1537 5300 1609 5353 ob
1632 5315 1811 5369 supra
1842 5315 1958 5353 me-

296 5372 595 5442 moratam
614 5367 928 5442 Macedonij
950 5367 1382 5425 accusationem
1399 5367 1722 5442 irrogatum
1742 5369 1950 5442 fuisse:

297 5438 602 5512 accusatio
623 5438 841 5511 quippe
863 5439 963 5495 illa
983 5446 1120 5512 post
1140 5445 1385 5496 mortem
1413 5438 1781 5497 Constantini
1805 5442 1955 5496 facta

298 5508 446 5585 fuit;
471 5525 606 5565 cum
637 5508 857 5577 tamen,
882 5516 948 5566 ut
980 5508 1072 5568 hic
1102 5513 1643 5585 enarratur,primio
1675 5512 1955 5569 exsularit

290 5579 815 5666 Paulustemplore
844 5583 1222 5666 Constantini
1256 5579 1484 5666 Magni;
1508 5584 1619 5640 Sed
1651 5585 1955 5666 occasione

290 5652 549 5718 secundi
576 5652 763 5711 exsilii
784 5656 940 5732 quod
972 5654 1136 5713 illam
1166 5652 1489 5715 Macedonii
1519 5656 1951 5717 accusationem

2066 4672 2187 4728 κασι
2225 4654 2532 4728 μιςνοῦνςετιιις⁵
2556 4645 2654 4719 τήν
2709 4645 2929 4728 αἳρεσιν,
2984 4645 3328 4728 διέϐαλονπό
3372 4645 3587 4728 πρῶτον
3624 4645 3721 4728 μὲν

2069 4723 2121 4776 οἱ
2178 4716 2300 4808 περὶί
2335 4716 2654 4808 ΝΕύσέϐιον,
2687 4716 2801 4808 ,καὶ
2856 4716 3055 4808 ἔγραψε
3118 4720 3370 4808 βασιλεὺς
3417 4716 3719 4779 ’Κωνστᾶν-

2066 4813 2202 4869 τιος·
2331 4791 2577 4869 δεύτερον
2608 4791 2719 4862 καί,
2754 4800 2867 4869 οισι
2895 4791 3223 4867 ὀιψψῑυω
3252 4812 3379 4851 vero
3427 4799 3716 4869 xEnorum,

2069 4867 2503 4938 Theodulumque
2546 4868 3110 4938 TrajanOpolitunum.
3151 4910 3163 4921 .
3203 4910 3214 4922 .
3253 4910 3265 4922 .
3303 4909 3316 4922 .
3347 4884 3471 4923 cum
3519 4868 3722 4925 heresi

2065 4940 2310 5011 infensos
2365 4945 2667 5006 cernerent,
2713 4940 3043 4994 calumniati
3068 4949 3239 5011 sunt,
3268 4940 3447 5007 primo
3498 4941 3722 5011 quidem

2065 5010 2322 5065 Eusebius
2350 5027 2476 5065 cum
2503 5012 2635 5077 suis,
2672 5012 2997 5081 litterasque
3046 5009 3191 5066 dedit
3221 5009 3541 5081 imperator
3572 5011 3714 5066 Con-

2065 5084 2301 5154 stantius
2334 5099 2350 5133 :
2380 5082 2615 5137 secundo
2645 5085 2853 5147 autem,
2884 5087 2993 5154 etc.
3030 5082 3112 5136 lbi
3146 5086 3303 5154 patet
3344 5082 3597 5153 priorem
3624 5100 3718 5139 ca-

2066 5152 2353 5207 lumniam
2388 5170 2501 5207 non
2534 5154 2606 5207 ad
2638 5154 2848 5208 seriem
2881 5152 3473 5225 historiae‘pertinere,
3499 5154 3599 5209 sed
3630 5171 3721 5210 oc-

2065 5225 2298 5298 casione
2328 5225 2600 5298 secundae
2646 5226 2959 5281 memorari
2994 5243 3006 5280 :
3063 5226 3218 5296 quod
3269 5226 3407 5279 item
3441 5225 3512 5281 de
3543 5243 3719 5298 supe-

2067 5296 2217 5350 riore
2247 5295 2370 5350 loco
2399 5296 2732 5350 dicendum.

2137 5369 2251 5435 (46)
2271 5367 2373 5438 ASic
2407 5367 2546 5438 Reg.
2582 5367 2732 5422 Editi
2782 5384 2935 5435 vero,
2971 5365 3074 5438 ύπὸ
3126 5363 3550 5438 Κωνσταντίνου.
3586 5367 3718 5438 Mox

2066 5438 2206 5511 Reg.
2240 5436 2317 5518 eis
2350 5436 2636 5518 Σίγγᾶρα..
2650 5439 2798 5518 Editi
2820 5437 2920 5518 fi:
2964 5436 3220 5513 Σίγγερα.
3254 5437 3430 5495 Basil.
3467 5437 3543 5501 εἰς
3573 5436 3714 5518 Σύγ.

2066 5458 2206 5511 neg.
2240 5458 2317 5497 εις
2350 5458 2414 5490 ιιι
2456 5458 2616 5511 γαρα.
2650 5458 2798 5493 nam
2845 5458 2920 5499 εις

2064 5528 2225 5582 γαρα.
2261 5510 2390 5582 Mox
2417 5458 2555 5582 ὗες.
2582 5508 2703 5582 εἶτα
2733 5508 2952 5582 ἐκεῖθεν.

2137 5580 2247 5658 (ειξῖ)
2279 5581 2373 5658 Sic
2404 5580 2543 5658 aee
2578 5581 2729 5658 Editi
2763 5580 3010 5658 eam.

2140 5652 2249 5729 (48)
2283 5653 2378 5712 Sic
2406 5652 2547 5729 Reg.
2579 5652 2730 5712 Editi
2757 5652 2971 5717 τοῦτον.
