4132 6428
395 348 512 410 703

933 343 1000 404 S.
1043 341 1470 405 ATHANASII
1515 342 1687 405 OPP.
1735 345 1939 407 PARS
1983 343 2032 406 Ι.
2070 376 2147 392 -
2175 342 2598 408 HISTORICA
2642 344 2742 406 ΕΤ
2786 342 3276 409 DOGMATICA.

3691 343 3813 414 704

396 481 570 537 batus
593 482 685 534 est
707 495 720 534 :
744 477 827 533 ita
848 481 913 532 ut
930 480 1213 548 tanquam
1246 476 1529 548 privatus,
1556 473 1772 549 quibus
1806 477 2035 535 minime

2161 476 2421 548 ἐνιαυτὸς,
2481 476 2571 532 καὶ
2633 477 2768 550 μετὰ
2826 473 3046 547 πολλῆς
3108 475 3332 551 ἀτιμίας
3381 479 3648 554 καθῃρέθη
3705 489 3813 553 τῆς

394 568 628 626 volebat
657 566 914 623 ludibrio
955 569 1130 622 esset.
1160 566 1360 636 Itaque
1399 566 1717 622 admodum
1747 567 1957 636 tristis,
1983 583 2049 624 ac

394 657 552 715 velut
576 656 714 714 Cain
735 655 1143 729 gemebundus
1173 671 1240 710 ac
1259 658 1538 724 tremens,
1565 672 1698 711 cum
1725 655 1784 710 in
1807 656 1933 713 dies
1956 673 2049 713 ex-

396 750 688 820 spectaret
719 745 817 818 qui
849 760 912 801 se
951 743 1152 816 procul
1185 743 1374 816 patria
1403 744 1645 816 suisque
1689 745 2045 814 confoderet,

393 837 576 894 veluti
590 834 1052 906 attonitus,quod
1071 833 1190 888 haac
1212 833 1455 888 minime
1471 833 1786 906 placerent,
1801 833 2043 891 interiit.

394 929 679 981 Caeterum
712 923 796 978 illi
824 939 895 979 ne
923 922 1069 995 ipsis
1093 921 1330 991 quidem
1354 922 1601 978 mortuis
1622 927 2046 996 parcunt,quos

394 1017 535 1072 dum
567 1013 822 1070 viverent
850 1011 1115 1068 confictis
1144 1011 1653 1068 criminationibus
1699 1013 2042 1072 adorieban-

393 1109 510 1161 tur.
536 1104 690 1161 278
731 1104 818 1158 Ita
863 1102 1020 1158 enim
1051 1117 1179 1156 sese
1219 1101 1494 1156 omnibus
1538 1100 1832 1158 terribiles
1881 1102 2042 1158 exhi-

393 1194 530 1250 bere
580 1195 875 1266 satagunt,
911 1195 978 1246 ut
1020 1189 1276 1247 viventes
1324 1189 1385 1245 in
1437 1189 1710 1246 exsilium
1758 1195 1954 1264 agant,
1987 1195 2046 1247 et

394 1283 558 1339 nulla
589 1298 727 1355 erga
759 1281 1067 1337 defunctos
1098 1279 1502 1336 misericordia
1533 1285 1913 1337 moveantur:
1939 1281 2041 1338 sed

393 1372 572 1429 etiam
598 1375 806 1445 praeter
836 1370 1145 1426 hominum
1169 1369 1436 1425 omnium
1468 1386 1713 1440 morem,
1737 1371 2042 1427 defunctos

392 1462 525 1519 odio
554 1461 794 1528 habent,
817 1476 1138 1532 eorumque
1169 1459 1447 1515 affinibus
1475 1459 1852 1532 insidiantur,
1873 1459 2046 1516 inhu-

395 1551 552 1608 mani
576 1549 660 1606 illi
684 1567 750 1606 ac
772 1550 1061 1605 bonorum
1083 1547 1310 1603 inimici
1335 1547 1603 1604 homines
1627 1546 1714 1603 vel
1739 1548 2044 1606 immanis-

393 1641 562 1697 simis
584 1639 856 1696 hostibus
886 1638 1240 1694 efi‘eratiores
1263 1653 1276 1692 :
1303 1654 1485 1709 eaque
1505 1637 1703 1694 omnia
1723 1637 2042 1710 impietatis

392 1747 512 1786 sua
542 1745 722 1785 causa
749 1731 953 1801 agunt,
979 1743 1094 1782 non
1126 1727 1281 1782 enim
1309 1726 1481 1793 veris,
1516 1726 1618 1781 sed
1651 1726 1914 1783 confictis
1935 1728 2044 1784 cri-

392 1817 838 1887 minationibus,
870 1816 1042 1872 nobis
1074 1815 1324 1888 aliisque
1354 1814 1629 1872 omnibus
1661 1815 2037 1872 insidiantur.

2160 566 2338 641 ἀρχῆς
2380 566 2408 619 ὁ
2461 563 2762 635 Φίλιππος,
2785 564 2960 628 οὕτῶς
3006 565 3082 628 ὡς
3116 561 3342 638 ἰδιώτην
3373 589 3689 646 γενομενον,
3724 572 3813 651 ὑφ.

2157 654 2230 708 ὧν
2288 653 2387 709 οὐκ
2441 651 2607 724 ἤθελε
2656 655 3093 724 καταπαίζεσθαι.
3139 657 3282 711 Πάνυ
3339 661 3469 733 γοῦν
3525 658 3616 715 καὶ
3647 659 3812 725 αύτὸς

2157 741 2524 816 λυπούμενος,
2567 744 2657 798 καὶ
2704 745 2841 799 κατά
2879 744 2970 799 τὸν
3022 745 3150 800 Κάϊν
3198 746 3397 802 στένων
3447 748 3538 803 καὶ
3565 750 3809 826 τρέμων,

2152 832 2241 886 καὶ
2283 833 2399 887 καθ’
2430 833 2641 908 ἡμέραν
2687 830 3006 910 προσδοκῶν
3051 834 3144 888 τὸν
3196 833 3523 910 ἀναιροῦντα
3572 832 3678 908 ἔξω
3705 846 3810 910 τῆς

2154 920 2345 976 ἑαυτοῦ
2374 916 2636 997 πατρίδος
2680 923 2770 978 καὶ
2818 922 2978 985 αὐτὸς
3018 922 3110 978 καὶ
3153 928 3263 979 τῶν
3307 921 3484 999 ίδίων,
3513 924 3694 1005 ὥσπερ
3727 928 3812 985 ἐκ·

2152 1008 2407 1086 πλαγεὶς,
2432 1010 2547 1067 ἐπεὶ
2601 1013 2675 1085 μή
2726 1009 2898 1074 οὕτως
2948 1009 3168 1084 ἤθελεν,
3219 1013 3467 1072 ἀπέθανε.
3519 1014 3676 1086 Πλήν
3722 1009 3806 1074 ὅτι

2150 1099 2240 1155 καὶ
2299 1101 2437 1156 κατά
2496 1104 2700 1173 νεκρῶν
2759 1099 2819 1155 ού
2867 1097 3162 1178 φείδονται,
3207 1103 3322 1157 καθ’
3376 1104 3451 1159 ὧν
3499 1105 3590 1160 καὶ
3651 1107 3806 1176 ζώων

2153 1187 2456 1246 ἐπλάσαντο
2486 1191 2783 1269 προφάσεις
2816 1211 2829 1224 ·
2868 1189 3013 1246 οὕτω
3067 1191 3174 1267 γὰρ
3234 1190 3460 1256 ἑαυτοὺς
3507 1195 3645 1269 πρὸς
3673 1197 3806 1252 πάν-

2148 1300 2245 1342 τας
2298 1274 2564 1357 φοεεροὺς
2622 1276 2973 1334 ἐπιδεικνύειν
3044 1277 3398 1356 ἐσπούδασαν,
3449 1283 3540 1338 καὶ
3601 1287 3810 1355 ζῶντας

2155 1369 2249 1443 μὲν
2300 1368 2650 1444 ἐξορίζουσιν,
2689 1369 3053 1431 ἀποθανόντας
3102 1366 3160 1426 δὲ
3203 1369 3302 1426 οὐκ
3338 1369 3579 1428 ἐλεοῦσιν
3613 1393 3627 1406 '
3659 1373 3809 1432 ἀλλά

2149 1457 2241 1514 καὶ
2270 1457 2392 1513 τότε
2425 1457 2583 1532 μόνοι
2611 1459 2758 1535 παρὰ
2785 1459 2991 1522 πάντας
3033 1458 3162 1523 τοὺς
3208 1459 3530 1538 ἀνθρώπους
3581 1468 3806 1537 μισοῦσι

2148 1547 2278 1610 τοὺς
2309 1545 2659 1621 ἀπελθόντας,
2692 1547 2782 1603 καὶ
2812 1553 2931 1611 τοῖς
2977 1548 3206 1612 οἰκείοις
3253 1549 3427 1607 αὐτῶν
3478 1547 3804 1610 ἐπιϐουλεύε-

2152 1658 2320 1709 ουσιν,
2371 1639 2423 1692 οἱ
2475 1641 2556 1710 τῷ
2605 1633 2718 1693 ὄντι
2772 1639 3126 1715 ἀπάνθρωποι
3177 1639 3267 1694 καὶ
3347 1640 3661 1715 μισόκαλοι,
3711 1644 3807 1699 καὶ

2149 1722 2317 1781 πλέον
2353 1725 2562 1804 ἐχθρῶν
2593 1728 2684 1783 τὸν
2709 1727 2912 1804 τρόπον
2945 1726 3132 1804 ἄγριον
3163 1725 3406 1805 ἔχοντες,
3430 1727 3521 1786 διὰ
3546 1733 3645 1803 τὴν
3679 1733 3804 1788 ἑαυ-

2147 1819 2260 1870 τῶν
2311 1818 2423 1889 (49)
2473 1810 2739 1890 ἀσέϐειαν,
2771 1817 2824 1871 οἱ
2880 1817 2955 1892 μὴ
3007 1815 3059 1888 ἐξ
3108 1814 3388 1890 ἀληθείας,
3420 1817 3548 1875 ἀλλ’
3594 1820 3654 1876 ἐκ
3704 1842 3802 1877 πε-

389 1905 716 1980 πλασμένων
751 1903 1070 1982 προφάσεων
1103 1906 1238 1977 ἡμῖν
1269 1924 1328 1958 τε
1354 1903 1444 1958 καὶ
1473 1908 1592 1965 τοῖς
1624 1902 1827 1980 ἑτέροις
1849 1910 2009 1959 πᾶσιν
2043 1899 2414 1960 ἐπιϐουλεύειν
2446 1902 2859 1969 σπουδάσαντες.

461 2052 515 2108 8.
543 2051 728 2124 (ANNO
758 2049 910 2117 338.)
929 2048 1046 2104 Ηοσ
1077 2064 1211 2104 cum
1244 2048 1610 2104 adverterent
1647 2053 1767 2104 tres
1809 2049 2035 2122 fratres,

2217 2051 2272 2106 8.
2324 2051 2507 2106 Ταῦτα
2553 2053 2878 2126 συνορῶντες
2927 2050 2980 2104 οἱ
3015 2055 3162 2126 τρεῖς
3213 2048 3466 2130 ἀδελφοὶ,
3515 2059 3800 2113 Κωνσταν..

387 2139 830 2208 Constantinus,
863 2138 1260 2204 Constantius,
1312 2141 1369 2193 et
1415 2136 1724 2205 Constans,
1749 2143 1881 2211 post
1913 2140 2038 2196 obi-

388 2236 514 2287 tum
547 2228 732 2302 patris
755 2228 844 2283 sui
870 2243 1075 2283 omnes
1095 2227 1151 2282 in
1177 2226 1422 2299 patriam
1448 2231 1504 2282 et
1525 2227 1844 2284 Ecclesiam
1867 2246 2038 2285 suam

387 2317 597 2374 reverti
621 2318 968 2388 jusserunt:
1001 2316 1103 2386 qui
1133 2315 1205 2370 de
1236 2313 1366 2370 aliis
1404 2313 1697 2386 episcopis
1729 2317 1800 2371 ad
1835 2316 2038 2390 singu-

385 2407 578 2464 lorum
607 2405 898 2462 Ecclesias
941 2404 1292 2476 rescripsere
1325 2421 1338 2459 :
1376 2403 1447 2459 de
1477 2404 1799 2461 Athanasio
1839 2411 2035 2461 autem

2146 2142 2315 2209 τῖνος,
2350 2139 2744 2208 Κωνστάντιος,
2803 2138 2893 2193 καὶ
2949 2139 3223 2209 Κώνστας,
3283 2141 3544 2213 ἐποίησαν
3596 2145 3801 2210 πάντας

2154 2227 2287 2301 μετὰ
2314 2227 2537 2283 θάνατον
2567 2231 2666 2282 τοῦ
2696 2228 2900 2303 πατρὸς
2932 2226 3244 2284 ἐπανελθεῖν
3291 2229 3369 2293 εἰς
3415 2233 3517 2302 τὴν
3565 2233 3805 2304 πατρίδα

2146 2316 2236 2370 καὶ
2265 2317 2365 2386 τήν
2398 2315 2722 2387 Ἐκκλησίαν
2749 2336 2764 2350 ·
2811 2317 3112 2393 γράψαντες
3143 2318 3268 2394 περὶ
3321 2319 3416 2393 μὲν
3461 2325 3570 2378 τῶν
3611 2320 3798 2381 ἄλλων

2149 2401 2260 2459 ἰδία
2329 2409 2398 2480 τῇ
2477 2405 2700 2461 ἑκάστου
2769 2403 3106 2478 Ἐκκλησία·
3167 2405 3292 2483 περί
3357 2405 3416 2465 δὲ
3481 2411 3800 2469 Ἀθανασίου

385 2498 519 2565 ista,
552 2513 679 2569 quae
710 2500 768 2551 et
792 2495 910 2550 vim
962 2493 1072 2549 hoc
1103 2493 1162 2548 in
1198 2493 1428 2566 negotio
1476 2492 1714 2549 allatam
1763 2511 2035 2567 compro-

2151 2498 2330 2568 ταῦτα,
2381 2494 2414 2549 ἃ
2459 2491 2626 2550 πάλιν
2674 2495 2773 2565 τὴν
2829 2495 2923 2568 μὲν
2979 2499 3077 2551 τοῦ
3128 2497 3454 2573 πράγματος
3513 2499 3634 2575 βίαν
3693 2499 3800 2558 δεί-

384 2586 549 2657 bant,
581 2589 638 2642 et
667 2583 1130 2641 Eusebianorum
1162 2581 1611 2655 sanguinarium
1645 2582 1910 2639 animum
1943 2601 2034 2640 ar-

385 2679 595 2749 guunt

459 2835 760 2907 Exemplar
785 2833 1054 2907 epistolae
1101 2833 1452 2907 Constantini
1485 2832 1720 2907 Camenis
1763 2790 1967 2906 papula

613 2904 901 2963 catholicae
928 2906 1181 2961 Ecclesiae
1208 2906 1360 2961 urbis
1389 2904 1804 2963 Alexandrinae.

455 3086 572 3142 Nec
628 3101 805 3142 sacra
847 3083 1063 3148 mentis
1093 3087 1299 3140 vestras
1353 3084 1626 3141 notitiam
1684 3086 2035 3158 praeteriisse

387 3175 659 3244 arbitror,
689 3173 820 3230 ideo
845 3173 1239 3229 Athanasium
1269 3174 1612 3229 veneranda:
1658 3172 1802 3247 legis
1855 3175 2033 3231 inter-

384 3271 630 3338 pretem,
662 3269 772 3322 etc.
795 3266 1037 3335 (Scripta
1066 3275 1233 3336 supra
1261 3265 1324 3319 in
1359 3265 1613 3320 Tractatu
1636 3267 2035 3337 septuagesimo

381 3359 574 3430 quinto
601 3357 814 3428 absque
842 3356 956 3411 ullo
983 3355 1352 3426 discrimine.)
1377 3354 1502 3411 Vide
1531 3372 1586 3427 p.
1622 3356 1745 3410 160.

2142 2604 2316 2656 κνυσι,
2361 2586 2462 2654 τὴν
2491 2581 2550 2640 δέ
2593 2588 2701 2640 τῶν
2749 2584 2876 2660 περὶ
2924 2581 3183 2642 Εύσέϐιον
3227 2585 3558 2668 ἀνδροφόνον
3607 2592 3800 2669 προαί-

2145 2692 2288 2750 ρεσιν
2320 2669 2561 2749 έλέγχει.

2143 2833 2540 2915 ’Δντίγραφονκ
2616 2834 3021 2915 ῌωνσταντίνου
3136 2837 3402 2915 Καίσαρος
3486 2843 3572 2915 τῷ
3631 2913 3642 2915 _
3672 2838 3796 2915 λαῷ

2209 2904 2344 2979 τῆςξ
2385 2904 2686 2977 κάθολικῆς
2751 2905 3080 2979 Ἐκκλησίας
3149 2904 3366 2971 πόλεως
3440 2904 3554 2965 τῶν
3629 2904 3790 2968 Ἀλεῖ-

2214 2975 2478 3055 ξανδρέων
2511 2975 2644 3053 (50).

2214 3083 2350 3142 Οὐδὲ
2377 3086 2477 3155 τήν
2525 3092 2627 3157 τῆς
2677 3085 2938 3160 ὑμετέρας
2985 3085 3133 3162 ἱερᾶς
3183 3083 3388 3151 ἐννοίας
3439 3084 3787 3167 διαπεφευγέ-

2142 3196 2224 3230 ναι
2254 3180 2454 3251 γνῶσιν
2483 3176 2660 3249 οἶμαι,
2711 3170 2801 3229 διὰ
2843 3179 3006 3230 τοῦτο
3039 3172 3352 3239 Ἀθανάσιον
3379 3176 3470 3231 τὸν
3499 3181 3597 3233 τοῦ
3628 3199 3796 3256 προσ-

2141 3268 2377 3336 κυνητοῦ
2423 3263 2592 3338 νόμου
2641 3264 2949 3342 ὑποφήτην.
3002 3265 3268 3342 (Ἐγράφη
3324 3266 3436 3340 (51)
3490 3265 3667 3322 ὀπίσω
3715 3268 3796 3332 εἴς

2141 3354 2232 3409 τὸν
2268 3351 2338 3408 δε¹
2367 3350 2534 3430 λόγον
2568 3354 2680 3428 (52)
2704 3351 3186 3428 ἀπαραλλάκτως.)

454 3446 550 3503 Has
582 3450 722 3502 sunt
749 3444 861 3500 illis
886 3444 1115 3500 litterae.
1139 3443 1569 3516 Conjurationis
1599 3449 1799 3501 autem
1827 3462 2030 3502 eorum

2213 3443 2287 3497 Τὰ
2319 3441 2412 3516 μὲν
2447 3442 2537 3497 οὗν
2569 3441 2838 3520 γραφέντα
2881 3445 3069 3497 ταῦτα’
3118 3448 3221 3512 τῆς
3271 3439 3331 3498 δὲ
3383 3451 3650 3517 συσκευῆς
3697 3445 3794 3513 αύ-

384 3535 517 3609 quis
548 3535 700 3592 alius
747 3534 848 3592 illo
879 3534 993 3590 ﬁde
1034 3533 1269 3607 dignior
1312 3534 1640 3590 exstiterit?
1684 3535 1766 3590 ita
1818 3535 2033 3609 quippe

385 3625 483 3681 ille
514 3623 770 3697 scripsit,
803 3640 938 3680 cum
968 3640 1089 3679 rem
1121 3621 1484 3695 exploratam
1518 3622 1780 3680 haberet.

453 3713 508 3768 9.
540 3713 764 3783 Itaque,
786 3727 921 3766 cum
953 3711 1319 3766 adverterent
1347 3710 1661 3766 Eusebiani
1695 3711 1883 3785 frangi
1914 3712 2032 3768 hae-

382 3801 530 3858 resis
561 3818 679 3858 sua:
727 3801 900 3872 vires,
932 3799 1158 3856 litteras
1198 3799 1467 3866 Romam,
1495 3799 1720 3857 litteras
1765 3801 1908 3858 item
1958 3803 2030 3858 ad

381 3891 765 3964 imperatores
796 3889 1247 3946 Constantinum
1279 3894 1337 3945 et
1367 3892 1742 3969 Constantem
1790 3891 2034 3947 mittunt

383 3982 662 4037 adversus
686 3979 1090 4035 Athanasium.
1113 3977 1188 4034 Ut
1209 3983 1403 4034 autem
1423 3978 1728 4034 Athanasii
1749 3978 1922 4052 legati
1942 3996 2033 4036 eo-

382 4087 515 4125 rum
538 4071 758 4142 scripta
777 4069 907 4124 falsi
927 4071 1267 4140 arguerunt,
1282 4083 1416 4123 cum
1440 4068 1695 4124 maximo
1717 4069 1938 4140 pudore
1957 4070 2030 4126 ab

381 4159 835 4232 imperotaribus
883 4157 968 4213 illi
1010 4155 1308 4228 repulsam
1338 4155 1544 4212 tulere.
1569 4162 1866 4214 Romanus
1895 4175 2030 4214 vero

382 4250 692 4324 episcopus
719 4247 916 4304 Julius
963 4245 1173 4302 litteris
1219 4246 1343 4302 suis
1384 4245 1682 4317 indicavit,
1714 4263 1829 4319 quo
1859 4246 2030 4303 velle-

382 4357 517 4396 mus
537 4338 683 4408 loco,
699 4337 1022 4410 cogendam
1045 4336 1334 4408 synodum
1361 4351 1518 4405 esse;
1541 4339 1608 4390 ut
1628 4336 2030 4392 accusationes

381 4427 466 4485 illi
498 4445 619 4485 suae
649 4443 814 4483 veras
866 4425 1331 4496 comprobarent,
1365 4423 1476 4481 sibi
1506 4440 1641 4481 vero
1672 4423 1866 4481 illatas
1894 4441 2029 4480 cum

381 4517 597 4573 fiducia
655 4514 1034 4588 depellerent.
1095 4513 1374 4585 Idipsum'
1409 4512 1728 4585 presbyteri
1781 4514 1853 4569 ab
1912 4513 2030 4569 iliis

381 4607 550 4663 missi
567 4609 862 4678 rogarunt,
876 4620 1009 4659 cum
1029 4619 1157 4659 sese
1180 4601 1309 4658 falsi
1327 4602 1621 4658 convictos
1644 4603 2026 4659 adverterent.

379 4695 482 4752 His
531 4696 612 4752 ita
658 4695 838 4768 gestis
869 4694 1044 4766 (ANNO
1072 4693 1221 4765 340),
1254 4708 1387 4748 cum
1434 4696 1804 4764 perspectum
1850 4691 2028 4748 habe-

2140 3535 2248 3587 τῶν
2277 3531 2362 3595 τίς
2392 3527 2577 3608 ἕτερος
2609 3531 2917 3602 ἀξιόπιστος
2962 3530 3159 3587 τούτου
3203 3531 3410 3609 μάρτυς
3440 3533 3500 3590 ἂν
3531 3536 3744 3613 γένοιτο
3777 3556 3792 3595 :

2139 3623 2308 3675 ταῦτα
2337 3619 2441 3696 γὰρ
2473 3617 2654 3691 εἰδὼς,
2689 3619 2832 3674 οὕτω
2861 3619 2952 3674 καὶ
2980 3619 3142 3683 αὐτὸς
3173 3615 3420 3697 ἔγραψεν.

2211 3711 2264 3765 9.
2298 3709 2361 3763 Οἱ
2420 3710 2605 3784 μέννοι
2654 3708 2777 3783 περὶ
2833 3703 3116 3779 Εὐσέϐιον,
3180 3709 3474 3785 βλέποντες
3534 3711 3790 3770 ἐλαττου-

2145 3796 2310 3872 μένην
2371 3797 2546 3853 αὐτῶν
2600 3799 2700 3868 τήν
2759 3796 2984 3875 α’ίρεσιν,
3038 3799 3332 3877 γθάφουσιν
3392 3799 3468 3864 εἷς
3529 3803 3792 3878 Ῥώμην,

2139 3887 2401 3966 γράφουσι
2479 3885 2536 3942 δὲ
2589 3887 2679 3942 καὶ
2735 3892 2855 3950 τοῖς
2922 3885 3200 3964 βασιλεῦσι
3260 3891 3650 3965 Κωνσταντίνῳ
3700 3892 3793 3948 καὶ

2141 3977 2441 4032 Κώνσταντι
2499 3976 2636 4031 κατᾶ
2689 3977 3032 4034 Ἀθανασίου.
3083 3982 3169 4040 Ὡς
3219 3974 3396 4034 δὲκαὶ
3429 3980 3481 4036 o't
3531 3981 3676 4057 παρᾶ
3708 3984 3797 4038 ’Δ-

2141 4066 2396 4130 θανασίου
2443 4063 2838 4129 ἀποσταλέντες
2898 4063 3185 4142 διήλεγξαν
3261 4067 3330 4123 τὰ
3383 4071 3512 4146 παρ’
3571 4069 3792 4126 ἐκείνων

2138 4154 2427 4234 γραφέντα,
2476 4155 2624 4233 παρᾶ
2664 4156 2758 4229 μὲν
2809 4159 2917 4211 τῶν
2973 4154 3239 4231 βασιλέων
3301 4155 3690 4235 ἐνετράπησαν.
3735 4160 3796 4215 Ὀ

2141 4243 2200 4300 δὲ
2238 4243 2533 4308 ἐπίσκοπος
2579 4245 2797 4318 Ῥώμης
2859 4243 3089 4307 Ἰούλιος
3146 4243 3345 4321 ἔγραψε
3400 4254 3600 4324 χρῆναι
3651 4247 3798 4325 γενέ-

2141 4345 2260 4398 σθαι
2289 4330 2538 4402 σύνοδον,
2588 4331 2714 4399 ἔνθα
2758 4332 2817 4388 ἂν
2869 4331 3240 4407 ἐθελήσωμεν,
3289 4332 3384 4391 ’ίνα
3432 4335 3464 4391 ἃ
3518 4335 3613 4410 μὲν
3662 4359 3794 4394 κατ-

2139 4426 2400 4500 ηγοροῦσι
2433 4419 2667 4496 δείξωσι,
2698 4421 2823 4499 περὶ
2855 4419 2912 4478 δὲ
2940 4423 3014 4477 ὧν
3047 4424 3588 4500 κατηγοροῦνταικαὶ
3613 4425 3792 4500 αὐτοὶ,

2141 4511 2462 4589 θαρροῦντες
2520 4510 2998 4588 ἀπολογήσωνται.
3045 4516 3214 4568 Τοῦτο
3262 4513 3364 4590 γὰρ
3413 4513 3505 4569 καὶ
3565 4514 3617 4569 οἱ
3664 4517 3796 4592 παρ’

2140 4601 2314 4656 αὐτῶν
2348 4599 2741 4664 ἀποσταλέντες
2791 4595 3170 4678 πρεσϐύτεροι,
3224 4600 3518 4677 βλέποντες
3568 4603 3795 4668 ἑαυτοὺς

2141 4688 2565 4767 ἐλεγχομένους,
2609 4689 2846 4760 ἠξίωσαν
2889 4689 3172 4766 γενέσθαι.
3223 4691 3439 4746 Τούτων
3471 4691 3648 4747 τοίνυν
3701 4713 3794 4770 γε-

379 4792 507 4841 rent
531 4783 616 4840 illi
659 4785 719 4839 in
747 4783 1022 4840 omnibus
1071 4781 1326 4854 suspecti
1374 4781 1665 4849 homines,
1699 4798 1761 4837 se
1807 4797 2027 4854 nequa-

2151 4778 2406 4853 νομένων,
2439 4780 2669 4858 ὁρῶντες
2698 4778 2920 4842 ἑαυτοὺς
2952 4779 3003 4834 οἱ
3034 4779 3170 4856 πρὸς
3219 4779 3393 4836 πάντα
3429 4782 3794 4860 τυγχάνοντες

383 4892 562 4948 quam
593 4872 988 4930 ecclesiastico
1029 4871 1255 4944 judicio
1303 4870 1635 4942 superiores
1683 4871 1824 4943 lore,
1855 4870 2031 4928 Cons-

2151 4866 2374 4924 inomoc
2410 4869 2486 4942 μή
2535 4867 2982 4945 περιγινομένους
3032 4867 3084 4924 έν
3139 4867 3565 4947 ἐκκλησιαστικῇ
3597 4870 3795 4948 κρίσει,

378 4965 630 5020 tantium
664 4962 909 5019 seorsim
942 4962 1178 5031 adeunt,
1211 4960 1366 5033 apud
1393 4975 1591 5032 quem,
1623 4963 1825 5033 utpote
1854 4959 2032 5017 haere-

379 5070 512 5110 seos
533 5057 845 5127 patronum
870 5052 1042 5107 ﬂetus
1061 5051 1436 5124 gemitusque
1458 5049 1844 5121 profundunt,
1865 5050 2032 5106 Mise-

380 5161 529 5212 rare,
553 5143 798 5211 aientes,
822 5140 1091 5197 hazresim
1117 5157 1129 5195 :
1155 5139 1345 5195 cernis
1374 5156 1410 5194 a
1436 5139 1606 5195 nobis
1636 5156 1841 5196 omnes
1871 5140 2027 5196 defe-

379 5233 528 5290 cisse
561 5251 573 5289 :
610 5232 780 5306 pauci
813 5232 1051 5287 demum
1084 5227 1271 5285 relicti
1315 5245 1523 5285 sumus
1556 5246 1568 5284 :
1605 5245 1733 5301 age,
1758 5245 2026 5300 persecu-

377 5324 598 5380 tionem
628 5321 840 5394 incipe,
873 5318 1348 5392 quandoquidem
1376 5317 1467 5374 vel
1497 5335 1530 5373 a
1558 5320 1762 5391 paucis
1794 5317 1914 5375 illis
1943 5334 2029 5374 re-

473 5485 564 5556 49)
595 5483 690 5540 Sic
721 5483 862 5556 Reg.
895 5485 953 5537 et
983 5479 1160 5556 Basil.
1192 5479 1344 5556 Editi
1370 5496 1527 5556 vero,
1553 5477 1752 5556 attraxi.

473 5488 564 5556 49)
595 5488 690 5540 Sic
721 5488 862 5554 Reg.
895 5488 953 5537 et
984 5488 1160 5537 Basil.
1192 5488 1342 5536 Editi
1370 5496 1527 5548 vero,
1558 5488 1752 5536 αὐτῶν.

449 5488 565 5629 (50)
597 5557 736 5628 Reg.
771 5554 865 5610 his
905 5553 1182 5629 omn‘iubs
1232 5551 1602 5629 omissis‘sic
1649 5551 1848 5629 habet1
1876 5556 2024 5629 Κων-

382 5618 658 5698 στᾲντῗνος
681 5618 1006 5698 ’Καῖσαρτῷ
1036 5621 1156 5698 λαῷ
1202 5629 1306 5693 τῆς
1353 5618 1651 5694 καθολικῆς
1699 5621 2026 5695 Ἐκκλησίας

380 5697 597 5763 πόλεως
617 5699 725 5754 τῶν
758 5691 1176 5778 Ἀλεξανδρέων.

2138 4958 2538 5036 προσέρχονται
2595 4956 2747 5032 μόνῳ
2776 4957 3153 5031 Κωνσταντίῳ,
3202 4957 3294 5014 καὶ
3341 4957 3537 5015 λοιπὸν
3593 4957 3798 5015 ἀποδύ-

2142 5068 2346 5125 ρονται,
2382 5048 2457 5110 ὡς
2503 5047 2640 5123 πρὸς
2683 5047 2776 5102 τὸν
2828 5052 2930 5117 τῆς
2961 5047 3219 5124 αἱρέσεως
3265 5047 3609 5121 προστάτην,
3660 5053 3795 5104 Φεῖ-

2138 5159 2246 5210 σαι,
2281 5137 2551 5214 λέγοντες,
2608 5142 2708 5206 τῆς
2763 5135 3042 5213 αἱρέσεως·
3095 5137 3223 5212 ὁρᾷς
3270 5135 3474 5200 πάντας
3523 5136 3796 5193 ἀποστάν-

2135 5247 2230 5290 τας
2263 5227 2350 5305 ἀφ’
2382 5229 2566 5299 ἡμῶν
2602 5224 2779 5301 ὀλίγοι
2814 5224 3008 5281 λοιπὸν
3040 5224 3445 5304 ἀπελείφθημεν
3479 5228 3614 5302 (53).
3656 5229 3796 5302 ’Ἄρ-

2137 5318 2218 5389 ξαι
2275 5313 2514 5388 διώκειν,
2561 5313 2676 5372 ἐπεὶ
2728 5313 2818 5371 καὶ
2879 5314 3026 5390 παρά
3079 5318 3187 5370 τῶν
3251 5313 3452 5393 ὀλίγων
3505 5314 3796 5394 ἀφιέμεθα,

2209 5478 2321 5551 (51)
2350 5479 2465 5551 Hqc
2521 5477 2726 5551 ordine
2781 5477 3033 5534 habetur
3081 5476 3142 5533 in
3199 5476 3511 5535 Basiliensi
3543 5477 3794 5536 codice:

2135 5547 2480 5626 T535361
2492 5569 2644 5626 ,γραφ
2650 5549 2909 5626 ένιταβίίοζ

2227 5617 2320 5696 52)
2351 5617 2637 5696 βαεὶΙζ-ἐἶξ
2667 5617 2862 5696 τὸν-σε’
2891 5617 3083 5696 λόγον.
3117 5620 3182 5678 In
3222 5619 3398 5678 editis
3429 5620 3503 5684 oc'
3532 5620 3720 5679 deest.

2226 5695 2320 5770 53)
2350 5694 2488 5770 Reg.
2516 5691 2815 5775 ὑπελείφθη
2825 5711 2941 5766 μιν.
