4132 6368
326 360 445 424 705

1274 364 1645 429 HISTORIA
1687 363 2161 428 ARIANORUM
2204 366 2308 426 AD
2354 364 2803 427 MONAGHOS.

3616 354 3740 428 706

326 493 415 548 καὶ
451 494 681 567 μένομεν
712 489 933 567 ἔρημοι.
968 494 1072 557 Οὓς
1103 495 1206 571 γὰρ
1246 490 1595 569 ἐϐιασάμεθα,
1644 495 1851 550 τούτων
1895 494 1964 566 ἐξ·

2090 496 2434 570 linquimur,
2478 498 2810 569 desertique
2853 513 3185 554 manemus.
3221 498 3295 553 Iis
3348 498 3526 565 enim,
3587 514 3738 571 quos

325 584 669 658 ορισθέντων,
699 583 923 646 τούτους
953 582 1333 648 ἐπανελθόντες
1381 584 1591 640 ἔπεισαν
1644 583 1807 639 πάλιν
1843 604 1974 663 φρο-

321 676 429 728 νεῖν
460 674 577 727 καθ’
607 674 789 745 ἡμῶν.
844 675 1056 749 Γράψον
1088 672 1177 729 οὖν
1228 676 1363 730 κατᾶ
1410 677 1647 744 πάντων,
1696 676 1785 729 καὶ
1834 675 1973 748 πέμ-

321 763 420 836 ψον
457 759 759 837 Φιλάγριον
793 759 1037 839 δεύτερον
1090 762 1329 840 ἔπαρχον
1378 772 1479 834 τῆς
1514 763 1795 840 Αἰγύπτου
1832 782 1844 795 ·
1881 763 1975 819 αύ-

316 852 408 913 τὸς
441 850 544 927 γὰρ
578 847 904 921 ἐπιτηδείως
939 850 1155 908 δύναται
1190 852 1427 922 διώκειν,
1458 851 1567 925 ἤδη
1609 855 1701 927 μὲν
1734 858 1802 928 τῇ
1851 874 1970 909 πει-

319 961 386 1015 ρᾳ
416 936 613 1010 δείξας,
650 937 888 1012 μάλιστα
917 938 975 995 δὲ
1003 943 1093 996 καὶ
1142 938 1461 1018 παραϐάτης
1513 938 1610 999 ὥν.
1660 944 1881 1017 Πέμψον
1917 940 1976 997 δὲ

314 1030 404 1085 καὶ
438 1027 740 1103 Γρηγόριον
789 1028 1079 1085 ἐπίσκοπον
1134 1032 1210 1094 εἷς
1257 1028 1662 1108 Ἀλεξάνδρειαν
1698 1052 1710 1065 ·
1744 1031 1835 1087 καὶ
1886 1032 1974 1087 οὗ-

315 1139 413 1181 τος
443 1118 547 1193 γάρ
581 1114 797 1173 δύναται
832 1127 1091 1189 συστῆσαι
1120 1124 1220 1191 τὴν
1251 1122 1521 1199 ἡμετέραν
1544 1120 1768 1199 αἳρεσιν.

391 1393 477 1448 10.
529 1393 729 1470 Γράφει
784 1390 966 1446 τοίνυν
1022 1387 1145 1444 τότε
1204 1390 1595 1458 Κωνστάντιος,
1657 1389 1860 1450 πάντας
1916 1385 1972 1444 δὲ

319 1475 528 1550 διώκει,
570 1479 661 1535 καὶ
691 1481 895 1554 πέμπει
949 1476 1251 1555 Φιλάγριον
1304 1474 1567 1553 ἔπαρχον,
1625 1477 1715 1532 καὶ
1776 1478 1969 1553 ’Δρσά-

315 1568 431 1623 κιόν
471 1588 591 1624 τινα
640 1568 901 1645 εὐνοῦχον
933 1588 945 1600 ·
981 1568 1183 1640 πέμπει
1234 1564 1291 1622 δέ
1338 1567 1427 1621 καὶ
1478 1567 1782 1643 Γρηγόριον
1838 1568 1971 1639 μετά

316 1664 711 1733 στρατιωτικῆς
744 1657 1004 1729 ἐξουσίας.
1060 1658 1154 1711 Καὶ
1199 1662 1423 1712 τοιαῦτα
1463 1657 1707 1731 γέγονεν,
1742 1657 1829 1710 οἷα
1878 1655 1969 1711 καὶ

312 1747 574 1825 πρότερον
608 1751 742 1823 (54).
795 1748 1201 1823 Συναγαγόντες
1252 1748 1356 1823 γάρ
1413 1745 1627 1815 πλῆθος
1685 1744 1966 1820 βουκόλων

313 1839 402 1891 καὶ
434 1838 734 1912 ποιμένων,
762 1835 949 1892 ἄλλων
981 1857 1039 1891 τε
1088 1836 1359 1913 ἀγοραίων
1404 1837 1495 1891 καὶ
1542 1833 1787 1910 ἀσελγῶν
1836 1857 1967 1891 νεω-

311 1926 503 2002 τέρων,
542 1928 675 2000 μετά
706 1927 869 2002 ξιφῶν
903 1927 991 1981 καὶ
1021 1924 1300 2003 ῥοπάλων,
1334 1923 1571 1995 ἐπῆλθον
1614 1924 1823 1997 ἀθρόως

310 2019 379 2090 τῇ
424 2010 688 2088 ἐκκλησίᾳ
740 2023 809 2086 τῆ
868 2014 1181 2089 καλουμένῃ
1228 2014 1459 2092 Κυρίνου
1494 2034 1507 2049 ·
1541 2015 1631 2069 καὶ
1688 2014 1817 2077 τοὺς
1870 2015 1963 2088 μὲν

314 2104 647 2177 ἀπέκτειναν,
679 2105 808 2167 τοὺς
840 2102 897 2159 δὲ
944 2106 1339 2176 κατεπάτησαν,
1388 2102 1595 2165 ἄλλους
1632 2124 1691 2158 τε
1719 2102 1965 2179 πληγαῖς

310 2194 710 2269 κατακόψαντες
751 2195 829 2257 εἰς
878 2192 1255 2270 δεσμωτήριον
1306 2188 1586 2264 ἐνέϐαλον,
1640 2193 1730 2247 καὶ
1776 2192 1964 2267 ἐξώρι-

314 2287 400 2351 ζον
439 2302 451 2316 ·
485 2280 701 2345 πολλὰς
732 2304 791 2338 τε
820 2289 1080 2358 γυναῖκας
1108 2282 1522 2357 κατασύροντες,
1556 2280 1737 2337 εἷλκον
1795 2282 1870 2345 εἷς
1900 2283 1963 2337 τὸ

311 2369 658 2448 δικαστήριον
695 2370 957 2446 δημοσίᾳ,
988 2373 1079 2427 καὶ
1107 2377 1215 2427 τῶν
1247 2376 1454 2449 τριχῶν
1505 2368 1758 2433 ἕλκοντες
1804 2366 1963 2445 ὕϐρι-

313 2466 398 2531 ζον
431 2478 443 2493 ·
480 2459 688 2525 ἄλλους
741 2461 1029 2535 ἐδημευον,
1083 2459 1268 2516 ἄλλων
1304 2457 1498 2536 ἄρτους
1535 2462 1860 2537 ἀφῃροῦντο,
1895 2458 1964 2515 δι’

309 2548 462 2606 οὐδὲν
491 2547 699 2627 ἕτερον,
750 2552 785 2620 ἢ
831 2549 923 2605 ’ίνα
968 2555 1086 2612 τοῖς
1132 2554 1431 2627 ’Δρειανοῖς
1461 2552 1825 2624 προσθῶνται,
1872 2550 1963 2604 καὶ

309 2640 613 2717 Γρηγόριον
664 2637 919 2711 δέξωνται
949 2639 1041 2693 τὸν
1086 2639 1190 2694 ἀπὸ
1242 2640 1513 2714 βασιλέως
1569 2638 1961 2696 ἀποσταλέντα.

380 2823 466 2877 11.
499 2818 817 2880 Ἀθανάσιος
853 2817 946 2891 μὶν
981 2813 1095 2888 οὖν,
1142 2817 1267 2893 πρὶν
1488 2818 1732 2893 γενέσθαι
1772 2821 1961 2891 ταῦτα,

305 2908 397 2963 καὶ
433 2907 593 2981 μόνον
630 2906 883 2976 ἀκούσας,
937 2901 1193 2961 ἔπλευσεν
1246 2905 1322 2968 εἷς
1368 2906 1467 2974 τὴν
1518 2906 1758 2979 Ῥώμην,
1802 2903 1963 2967 εἰδώς

304 3019 365 3053 τε
394 2998 485 3052 τὸν
533 2998 701 3070 θυμὸν
750 3001 859 3051 τῶν
912 2996 1219 3070 αἱρετικῶν,
1268 2995 1357 3049 καὶ
1400 2992 1513 3063 Ἵνα,
1555 2994 1630 3055 ὡς
1679 2991 1893 3070 ἤρεσεν,
1924 2995 1959 3063 ἡ

307 3084 534 3149 σύνοδος
584 3087 809 3162 γένηται
862 3103 875 3118 ⁶
911 3086 939 3139 ὁ
988 3083 1046 3139 δὲ
1093 3082 1328 3146 Ἰούλιος
1377 3084 1570 3161 γράιρει
1616 3083 1707 3137 καὶ
1755 3083 1960 3156 πέμπει

304 3170 726 3251 πρεσϐυτέρους,
778 3170 1059 3229 Ἐλπίδιον
1112 3173 1204 3228 καὶ
1255 3170 1571 3243 Φιλόξενον,
1631 3170 1819 3246 ὁρίσας
1868 3171 1957 3226 καὶ

1998 1881 2047 1947 Β

2090 586 2246 658 (post
2278 588 2506 659 fugatos
2532 588 2591 642 in
2611 586 2997 659 exsiliumque
3016 586 3232 643 missos
3259 586 3564 659 episcopos
3582 586 3740 659 illos)

2089 676 2159 730 ad
2194 682 2422 732 nostras
2455 683 2649 748 partes
2704 676 2759 731 vi
2813 676 3225 748 pertraximus,
3283 676 3498 731 reversi
3548 676 3635 731 illi
3668 676 3740 731 ab

2088 764 2312 832 exsilio,
2347 772 2768 837 persuaserunt
2798 770 2862 820 ut
2905 767 3216 822 adversum
3274 783 3381 822 nos
3436 766 3739 823 sentirent.

2091 854 2339 910 Litteras
2372 856 2552 927 igitur
2581 856 2768 911 scribe
2799 855 3079 911 adversus
3110 870 3337 921 omnes,
3372 854 3740 928 Philagrium

2087 959 2200 1014 que
2230 944 2488 998 secundo
2518 944 2740 1017 [Egzpti
2779 945 3119 1016 praefectum
3169 945 3407 1013 mittito,
3442 945 3544 1017 qui
3591 948 3740 1001 stre-

2085 1032 2416 1089 nuissimus
2445 1038 2532 1089 est
2564 1034 2621 1088 in
2655 1035 3077 1105 persequendo,
3114 1038 3179 1090 ut
3204 1034 3561 1107 experientia
3585 1050 3741 1089 com-

2084 1125 2315 1192 pertum
2346 1126 2454 1192 est,
2489 1139 2623 1178 cum
2656 1124 2909 1178 maxime
2941 1124 3018 1180 sit
3048 1128 3334 1196 apostata.
3372 1124 3536 1180 Mitte
3556 1124 3736 1180 etiam

2083 1209 2429 1283 Gregorium
2459 1211 2870 1268 Alexandriam
2901 1213 3265 1286 episcopum,
3290 1212 3565 1270 idoneum
3592 1230 3736 1270 sane

2082 1299 2386 1357 hominem
2419 1302 2491 1357 ad
2524 1306 2785 1357 nostram
2820 1302 3235 1359 stabiliendam
3261 1303 3549 1360 haeresim.

2157 1390 2242 1445 10.
2276 1390 2462 1462 (ANNO
2493 1391 2643 1459 341.)
2679 1390 2923 1446 Litteras
2955 1392 3153 1463 itaque
3211 1392 3417 1447 scribit
3445 1392 3731 1449 Constan-

2080 1478 2221 1547 tius,
2256 1496 2320 1534 ac
2352 1480 2413 1534 in
2444 1496 2647 1536 omnes
2675 1484 2868 1536 movet
2908 1480 3391 1552 persecutionem,
3444 1480 3729 1555 Philagri-

2080 1583 2300 1639 umque
2334 1569 2532 1640 mittit,
2566 1586 2700 1625 cum
2735 1570 2968 1625 Arsacio
3002 1570 3255 1641 quodam
3287 1570 3574 1626 eunucho.
3606 1570 3731 1628 Mit-

2078 1656 2171 1723 tit,
2204 1656 2340 1712 item
2375 1657 2719 1730 Gregorium
2779 1675 2913 1713 cum
2965 1658 3207 1714 militari
3254 1676 3472 1716 manu:
3517 1676 3730 1733 resque

2079 1745 2482 1817 superioribus
2513 1746 2737 1803 similes
2768 1752 2944 1819 gestae
2976 1752 3152 1803 sunt:
3179 1752 3378 1804 coacta
3407 1748 3621 1821 quippe
3642 1748 3728 1805 illi

2077 1834 2489 1903 bulbucorum,
2522 1836 2866 1908 opilionum,
2901 1835 3150 1893 aliorum
3183 1838 3503 1894 forensium
3535 1855 3598 1893 ac
3628 1841 3727 1910 pe-

2080 1922 2396 1979 tulantium
2420 1926 2707 1996 juVenum
2766 1924 3165 1998 multitudine,
3228 1943 3363 1983 cum
3412 1926 3625 1999 gladiis
3672 1932 3732 1984 et

2077 2011 2254 2069 clavis
2284 2013 2343 2068 in
2375 2014 2683 2069 ecclesiam
2715 2014 2907 2087 Cyrini
2938 2014 3154 2071 dictam
3197 2016 3496 2089 irrupere:
3530 2017 3729 2088 ibique

2075 2100 2222 2157 alios
2282 2102 2640 2171 occiderunt,
2696 2103 2840 2159 alios
2893 2105 3143 2176 pedibus
3201 2104 3520 2175 calcarunt,
3580 2105 3728 2163 alios

2075 2189 2263 2263 plagis
2294 2191 2545 2248 laniatos
2576 2192 2635 2247 in
2667 2209 2959 2249 carcerem
2990 2197 3295 2249 truserunt
3324 2194 3382 2249 in
3425 2194 3726 2251 exsilium-

2075 2296 2186 2351 que
2214 2280 2363 2336 217
2400 2281 2778 2353 expulerunt:
2814 2281 3089 2339 mulieres
3120 2283 3407 2354 plurimas
3439 2284 3726 2341 adductas

2074 2367 2133 2423 in
2163 2368 2420 2425 tribunal
2443 2369 2636 2442 palam
2670 2375 3018 2443 pertraxere,
3052 2372 3432 2445 crinibusque
3460 2376 3723 2445 raptatus

2074 2459 2445 2515 contumeliis
2476 2461 2752 2517 effecere:
2809 2461 2956 2517 alios
3013 2461 3429 2534 proscripsere,
3472 2460 3722 2519 aliorum

2076 2564 2257 2618 panes
2286 2548 2619 2605 abstulere:
2652 2549 2829 2621 idque
2860 2549 3023 2606 nulla
3054 2550 3169 2606 alia
3199 2551 3269 2607 de
3309 2567 3506 2619 causa,
3540 2568 3722 2624 quam

2075 2639 2138 2690 ut
2169 2651 2267 2691 eos
2295 2636 2527 2693 Arianis
2556 2636 2872 2704 adhwrere,
2923 2638 3387 2711 Gregoriumque
3436 2641 3508 2697 ab
3539 2640 3724 2713 impe-

2074 2726 2263 2780 ratore
2296 2725 2548 2781 missum
2580 2726 2839 2799 recipere
2869 2732 3164 2800 cogerent.

2144 2812 2232 2869 41.
2265 2814 2623 2871 Athanasius
2654 2833 2825 2888 porro
2856 2816 2951 2872 his
2984 2817 3249 2873 nondum
3280 2818 3449 2886 actis,
3481 2818 3555 2875 ad
3612 2818 3726 2892 pri-

2074 2919 2238 2958 mum
2270 2904 2351 2958 rei
2380 2905 2644 2960 auditum
2672 2906 2919 2961 Romam
2952 2907 3259 2979 navigavit,
3295 2908 3450 2979 quod
3495 2907 3727 2964 haereti-

2072 3008 2273 3047 corum
2330 2994 2584 3050 furorem
2664 2996 2841 3067 probe
2900 3002 3273 3068 perspectum
3325 2996 3603 3053 haberet:
3656 3000 3724 3053 ut

2070 3080 2265 3152 etiam,
2295 3087 2469 3153 prout
2499 3087 2788 3139 statutum
2815 3085 3022 3152 fuerat,
3058 3086 3315 3157 synodus
3345 3084 3425 3140 ibi
3454 3085 3713 3141 celebra-

2070 3174 2249 3225 retur.
2280 3170 2473 3227 Julius
2502 3176 2697 3227 autem
2731 3174 3097 3245 presbyteros
3124 3172 3413 3245 Elpidium
3458 3179 3514 3230 et
3568 3174 3712 3230 Phi-

303 3263 658 3342 προθεσμίαν,
708 3263 799 3318 ἳνα
857 3263 891 3333 ἢ
950 3260 1205 3335 ἔλθωσιν,
1262 3262 1297 3331 ἢ
1360 3262 1676 3337 γινώσκοιεν
1730 3258 1951 3322 ἑαυτοὺς

2088 3275 2338 3315 oxenum
2371 3277 2506 3316 cum
2527 3260 2740 3317 litteris
2762 3261 3320 3334 mittit,tempusque
3350 3262 3467 3318 illis
3492 3264 3715 3335 praesti-

306 3352 581 3415 ὑπόπτους
613 3351 746 3407 εἶναι
775 3353 911 3407 κατὰ
952 3353 1143 3408 πάντα.
1192 3348 1352 3406 Ἀλλ’
1397 3351 1449 3405 ο¹ι
1496 3350 1619 3425 περὶ
1666 3344 1951 3421 Εύσέϐιον,

2062 3348 2194 3415 tuit,
2228 3353 2293 3404 ut
2322 3349 2475 3405 intra
2503 3350 2648 3406 illud
2683 3351 2928 3407 Romam
2988 3369 3049 3407 se
3089 3354 3438 3421 conferrent,
3469 3358 3569 3408 aut
3601 3353 3711 3409 sci-

304 3443 379 3506 ώς
414 3442 577 3517 μόνον
608 3439 844 3512 ἥκουσαν
894 3439 1348 3510 ἐκκλησιαστικήν
1402 3436 1607 3494 ἔσεσθαὶ
1657 3439 1855 3515 κρίσιν,
1899 3438 1950 3493 ἐν

2082 3441 2195 3493 'ent
2224 3454 2286 3494 se
2315 3438 2373 3494 in
2408 3440 2682 3495 omnibus
2714 3444 3015 3512 suspectos
3046 3440 3266 3497 haberi.
3301 3444 3367 3497 At
3396 3442 3711 3499 Eusebiani

300 3533 546 3605 ᾖκόμης
599 3531 660 3586 οὐ
714 3530 1128 3607 παραγίγνεται,
1186 3529 1247 3584 ού
1308 3533 1629 3605 στρατιῶται
1688 3528 1793 3603 πρὸ
1846 3531 1952 3583 τῶν

2082 3526 2167 3581 1ὺὶ
2200 3527 2390 3583 solum
2422 3529 2677 3596 audiere,
2711 3529 3174 3586 ecclesiasticum
3207 3529 3326 3586 illic
3387 3532 3508 3587 fore
3548 3532 3714 3603 judi-

301 3624 501 3697 θυρῶν,
535 3620 596 3677 ού
633 3618 901 3696 βασιλικῷ
945 3620 1327 3695 προστάγματι
1372 3619 1441 3673 τὰ
1469 3624 1569 3687 τῆς
1616 3614 1841 3672 συνόδου
1869 3637 1956 3671 τε-

2067 3615 2245 3681 cium,
2278 3616 2379 3671 ubi
2414 3631 2518 3673 nec
2544 3633 2741 3674 comes
2773 3618 3024 3690 adesset,
3056 3636 3161 3676 nec
3194 3619 3414 3677 milites
3446 3637 3550 3693 pro
3578 3621 3718 3677 fori-

303 3710 547 3766 λειοῦται
593 3708 669 3785 (ἐν
724 3709 940 3771 τούτοις
1000 3710 1104 3785 γὰρ
1163 3708 1244 3762 ἀεὶ
1300 3710 1437 3762 κατὰ
1488 3711 1597 3761 τῶν
1646 3706 1955 3761 ἐπισκόπων

2082 3722 2178 3761 aus
2209 3709 2468 3762 stantes:
2500 3707 2598 3762 ubi
2629 3722 2736 3763 nec
2762 3709 2967 3779 synodi
3026 3712 3157 3764 acta
3214 3726 3282 3764 ex
3334 3709 3719 3781 imperatoris

304 3796 554 3878 ἴσχυσαν,
588 3798 679 3855 καὶ
711 3796 834 3853 ἄνευ
880 3797 1089 3853 τούτων
1145 3794 1391 3858 ούδόλως
1444 3794 1685 3865 λαλῆσαι
1732 3794 1958 3872 θαῤῥοῦ-

305 3891 433 3963 σιν),
487 3886 630 3944 οὕτω
682 3886 1051 3959 κανέπτηξαν,
1104 3885 1181 3948 ὡς
1233 3885 1361 3947 τοὺς
1417 3886 1509 3959 μὲν
1561 3882 1960 3961 πρεσϐυτέρους

301 3982 594 4055 κατασχεῖν
653 3976 744 4031 καὶ
799 3977 934 4050 μετὰ
980 3977 1079 4045 τὴν
1139 3974 1497 4052 προθεσμίαν,
1550 3972 1853 4028 πλάσασθαι
1906 3971 1964 4028 δὲ

306 4066 576 4146 πρόφασιν
636 4067 878 4143 ἀπρεπῆ,
928 4065 1013 4119 ὃτι
1066 4065 1141 4138 μὴ
1195 4060 1466 4137 δυνάμεθα
1512 4067 1603 4118 νῦν
1653 4062 1825 4118 ἐλθεῖν
1877 4060 1966 4118 διὰ

305 4155 437 4219 τοὺς
492 4157 639 4231 παρὰ
668 4159 855 4231 Περῶν
910 4154 1273 4229 γιγνομένους
1321 4150 1626 4227 πολέμους.
1683 4157 1851 4207 Τοῦτο
1908 4148 1967 4207 δὲ

308 4245 408 4301 οὐκ
436 4246 503 4315 ἦν
538 4234 760 4317 ἀληθὲς,
797 4241 943 4299 ἀλλὰ
972 4238 1142 4321 φόϐος
1161 4247 1258 4297 τοῦ
1282 4240 1610 4306 συνειδότος.
1640 4240 1702 4296 Τί
1724 4242 1827 4319 γὰρ
1847 4261 1967 4297 κοι-

304 4336 394 4390 νὸν
428 4332 677 4409 πόλεμος
706 4333 845 4411 πρὸς
878 4331 1207 4395 ἐπισκόπους
1242 4349 1256 4402 ;
1288 4330 1503 4387 Ἤδιατί
1556 4334 1630 4405 μὴ
1679 4328 1969 4405 δυνάμενοι

306 4420 397 4480 διὰ
434 4422 564 4487 τοὺς
614 4424 824 4498 Πέρσας
874 4421 949 4485 είς
1003 4422 1223 4495 Ῥώμην
1278 4418 1475 4493 ἐλθεῖν,
1526 4420 1706 4475 καίτοι
1760 4422 1968 4497 μακρὰν

305 4513 640 4590 ἀπέχουσαν,
672 4512 763 4567 καὶ
793 4514 958 4588 πέραν
988 4508 1262 4579 θαλάττης
1294 4508 1476 4580 οὖσαν,
1508 4508 1635 4572 τοὺς
1660 4517 1762 4580 τῆς
1805 4516 1965 4566 Ἀνα-

2062 3795 2238 3865 jussu
2268 3795 2579 3851 ederentur
2604 3796 2733 3869 (hoc
2763 3797 2919 3853 enim
2951 3797 3147 3854 solum
3174 3800 3349 3855 modo
3380 3799 3441 3854 in
3484 3799 3711 3873 episco-

2070 3900 2177 3956 pos
2209 3900 2440 3957 semper
2467 3886 2927 3957 praevaluerunt:
2963 3880 3036 3943 iis
3067 3887 3577 3959 deficientibus,ne
3592 3905 3727 3945 mu-

2072 3972 2181 4029 tire
2211 3972 2450 4045 quidem
2493 3976 2755 4047 audent),
2784 3979 2946 4032 tanto
3005 3981 3146 4033 sunt
3196 3980 3415 4033 terrore
3444 3977 3729 4050 perculsi,

2074 4065 2139 4117 ut
2170 4063 2539 4137 presbyteros
2567 4064 2720 4121 ultra
2758 4064 3111 4137 praefinitum
3133 4070 3369 4139 tempus
3403 4066 3733 4124 detinerent

2076 4149 2424 4223 futilemque
2454 4152 2888 4208 excusationem
2921 4155 3236 4211 commenli
3260 4174 3278 4210 :
3300 4155 3385 4211 0b
3418 4155 3731 4213 Persarum

2076 4238 2296 4296 bellum
2328 4241 2663 4313 nequimus,
2721 4242 2975 4311 aiebant,
3030 4245 3157 4315 jam
3214 4244 3497 4301 accidere.
3560 4245 3729 4301 Haud

2076 4347 2249 4386 verus
2279 4333 2474 4385 autem
2506 4331 2779 4387 obtentus
2838 4330 2957 4387 ille~
2998 4336 3143 4401 erat,
3184 4334 3303 4390 .sed
3359 4334 3732 4389 conscientia:

2079 4422 2237 4474 metu
2272 4419 2704 4475 detinebantur.
2739 4420 2889 4484 Quid
2938 4421 3097 4477 enim
3150 4422 3221 4477 ad
3270 4422 3575 4495 episcopos
3604 4422 3731 4479 bel-

2078 4507 2245 4565 lum?
2273 4509 2340 4565 Et
2367 4525 2546 4581 quare
2576 4509 2887 4566 Persarum
2918 4509 3067 4566 bello
3084 4511 3565 4583 preepedirentur,
3584 4512 3730 4584 quin

304 4600 479 4672 τολῆς
508 4602 711 4664 τόπους
742 4602 839 4657 καὶ
870 4600 997 4664 τοὺς
1043 4598 1207 4676 ἐγγὺς
1238 4599 1454 4654 ἐκείνων
1486 4601 1860 4675 περιηρχοντο
1892 4600 1964 4662 ὡς

2082 4596 2327 4653 Romam
2378 4602 2662 4670 peterent,
2716 4598 3101 4671 longinquam
3159 4604 3217 4655 et
3272 4601 3730 4658 transmarinam

308 4691 569 4763 λέοντες,
621 4696 908 4762 ζητοῦντες
950 4689 1035 4752 τίς
1088 4688 1272 4752 αὐτοῖς
1322 4688 1673 4761 ἐναντιοῦται,
1713 4686 1807 4743 τίνα
1850 4686 1966 4743 δια-

300 4776 602 4844 ϐάλλοντες
637 4780 954 4858 ἐξορίσωσιν
992 4799 1006 4849 ;

382 5055 468 5111 12.
498 5051 755 5127 Ἀμέλει,
810 5050 940 5114 τούς
992 5047 1389 5126 πρεσϐυτέρους
1450 5048 1815 5111 ἀπολύσαντες
1878 5048 1965 5103 ἐπὶ

306 5147 376 5218 τῇ
408 5144 653 5216 ἀπιθάνῳ
701 5141 871 5215 ταύτῃ
922 5141 1211 5218 προφάσει,
1263 5138 1591 5195 συνελάλουν
1640 5137 1915 5209 ἀλλήλοις
1951 5161 1961 5172 ·

304 5232 453 5288 Ἐπεὶ
486 5234 561 5306 μὴ
597 5230 871 5305 δυνάμεθα
903 5229 1328 5304 ἐκκλησιάστικῇ
1379 5230 1553 5305 κρίσει
1596 5233 1834 5304 κρατεῖν,
1862 5230 1962 5297 τὴν

306 5322 512 5393 συνήθη
538 5319 751 5396 τόλμαν
786 5316 1194 5393 ἐπιδειξώμεθα.
1248 5320 1519 5397 Γράφουσι
1564 5318 1745 5373 τοίνυν
1789 5316 1963 5373 Φιλα-

372 5504 490 5579 (54)
521 5504 687 5578 Reg..
720 5499 1085 5579 toﬁporspov.
1112 5502 1247 5579 Quae
1281 5504 1634 5579 sequuntur,
1687 5517 1965 5579 enarran-

301 5572 402 5630 tur
431 5572 570 5649 item
604 5572 706 5649 per
730 5572 914 5649 totam
943 5572 1639 5649 epistolamencyclicam
1672 5590 1829 5630 anno
1859 5574 1957 5629 341

305 5644 723 5714 conscriptam,
755 5653 813 5703 et
842 5648 901 5702 in
932 5644 1103 5714 epist.
1134 5644 1298 5713 Julii,
1326 5644 1490 5700 num.
1522 5646 1609 5700 13.

380 5664 534 5703 nscr1
580 5664 723 5714 tam,
755 5664 813 5703 et
842 5664 901 5702 in
932 5664 962 5702 e
1007 5664 1103 5701 ist.
1134 5664 1298 5713 Jun],
1326 5664 1490 5700 num.
1522 5664 1575 5699 1.-

377 5720 490 5795 (55)
522 5664 617 5777 ξίο
648 5719 788 5792 Reg.
824 5664 1065 5793 ’Δθρῖως
1099 5718 1262 5774 deest
1290 5717 1351 5773 in
1383 5716 1575 5775 editis.

631 5848 900 5916 Panos.
945 5846 1060 5916 ϐλ.
1102 5844 1298 5917 XXV.

2080 4687 2319 4743 urbem:
2354 4686 2461 4755 illi,
2486 4687 2749 4759 inquam,
2783 4688 2883 4760 qui
2916 4688 3170 4745 Orientis
3200 4688 3345 4755 loca,
3379 4689 3555 4745 etiam
3596 4693 3731 4747 Per-

2078 4778 2161 4834 sis
2194 4778 2463 4845 ﬁnitima,
2495 4781 2622 4833 tum
2681 4777 2961 4850 temporis
3020 4777 3210 4834 instar
3245 4779 3482 4835 leonum
3514 4779 3731 4835 circui-

2078 4867 2241 4937 bant,
2274 4868 2623 4939 inquirendo
2683 4867 2958 4939 quisnam
3013 4867 3161 4940 ipsis
3208 4868 3633 4937 adversaretur,
3665 4872 3732 4925 ut

2077 4957 2391 5013 calumniis
2422 4973 2555 5013 cum
2589 4956 2713 5012 suis
2744 4956 2803 5011 in
2835 4956 3106 5013 exsilium
3138 4955 3471 5029 pellerent?

2152 5050 2237 5103 12.
2272 5049 2459 5119 (ANNO
2491 5046 2637 5118 342).
2673 5046 2740 5101 Et
2792 5063 2932 5101 sane
2987 5051 3301 5118 postquam
3360 5047 3731 5120 presbyteros

2077 5135 2591 5193 cumabsurdailla
2603 5136 2977 5192 excusatione
2992 5135 3511 5207 dimisissent,haec
3524 5139 3730 5192 mutuo

2075 5225 2343 5285 collocuti
2377 5230 2550 5283 sunt:
2575 5225 2720 5281 Cum
2756 5224 3150 5281 ecclesiastico
3173 5225 3397 5296 judicio
3420 5224 3733 5299 praevalere

2075 5332 2459 5389 nequeamus,
2490 5314 2664 5373 solita
2693 5313 2939 5370 audacia
2985 5330 3110 5369 rem
3164 5330 3460 5387 geramus.
3494 5313 3727 5369 Litteris

2144 5497 2374 5588 ιδδὶηηα
2420 5497 2607 5588 Reae-
2624 5496 3107 5588 19,_°£1.i£ia_:'9£9
3163 5491 3726 5588 rei_1.esits€..aat°

2071 5562 2220 5653 πρῖν.
2241 5562 2387 5653 "Quze
2420 5562 2615 5653 autem
2648 5568 3108 5653 hiqret‘eruntur
3131 5562 3431 5653 "nonnihil
3473 5562 3724 5653 d‘ifﬁcqu

2070 5637 2212 5699 tatis
2241 5641 2479 5712 habent,
2512 5656 2693 5714 quam
2751 5641 2813 5696 in
2868 5639 3165 5697 Athanasii
3192 5639 3313 5695 vita
3363 5654 3472 5695 nos
3500 5637 3731 5695 levasse

2070 5727 2404 5789 speramus.

3366 5840 3450 5910 I3
