4132 6428
356 373 473 434 707

886 372 953 434 S.
996 371 1424 436 ATHANASII
1468 370 1642 434 OPP.
1687 371 1989 433 PARS‘I.
2023 402 2103 419 —
2130 368 2555 435 HISTORICA
2599 370 2700 435 ET
2742 369 3234 436 DOGMATICA.

3648 368 3769 433 708

355 505 554 578 itaque
581 504 879 579 Philagrio
936 506 1155 576 missis,
1213 510 1478 563 auctores
1536 507 1695 571 sunt,
1751 508 1818 560 ut
1873 522 2007 561 cum

2132 504 2283 579 γρίῳ,
2314 503 2404 558 καὶ
2432 508 2679 559 ποιοῦσιν
2730 503 2887 560 αὐτὸν
2942 505 3077 577 μετά
3123 502 3432 581 Γρηγορίου
3483 508 3598 559 κατ’
3648 499 3768 558 ὀλί-

353 594 630 668 Gregorio
660 595 819 652 brevi
848 600 1162 670 Egyptum
1218 599 1507 668 peragret.
1568 593 1715 649 Hinc
1745 592 2004 666 episcopi

345 683 739 758 ﬂagellantur,
796 686 1166 758 vinculisque
1232 685 1438 741 acerbe
1478 684 2001 756 constringuntur:

348 773 877 846 Sarapammonem
909 774 1095 848 igitur
1123 774 1466 847 episcopum
1499 777 1555 828 et
1611 772 2006 829 confessorem

345 862 575 938 pellunt
606 864 664 918 in
687 863 955 920 exsilium
987 868 1464 920 :Potammonem
1492 862 1633 918 item
1666 861 2005 934 episcopum

348 953 882 1025 confessoremque,
919 953 1017 1009 cui
1050 952 1258 1009 oculus
1292 953 1482 1008 fuerat
1511 952 1571 1006 in
1605 950 2009 1024 persecutione

350 1042 622 1111 effossus,
652 1046 740 1099 tot
769 1043 959 1115 plagis
992 1043 1051 1098 in
1084 1044 1364 1098 cervicem
1399 1041 1755 1106 ceciderunt,
1792 1044 1859 1096 ut
1895 1056 2009 1095 non

352 1134 487 1187 ante
515 1131 693 1187 ﬁnem
726 1132 1005 1201 facerent,
1076 1148 1253 1205 quam
1302 1131 1602 1186 hominem
1651 1129 2007 1186 exstinctum

354 1222 650 1292 putarent.
682 1221 763 1276 Eo
793 1220 976 1294 igitur
1007 1221 1182 1276 modo
1214 1218 1609 1291 abjectus,vix
1625 1222 1759 1291 post
1782 1218 2011 1290 aliquas

354 1307 549 1375 horas,
593 1309 891 1365 curatione
920 1308 1189 1365 adhibita
1219 1307 1553 1380 ﬂabellique
1583 1324 1710 1379 ope,
1773 1308 1888 1363 Deo
1928 1307 2010 1362 vi-

355 1400 474 1453 tam
506 1399 879 1469 concedente,
913 1398 1253 1471 respiravit:
1286 1398 1366 1453 ita
1412 1401 1607 1452 tamen
1640 1401 1723 1465 ut,
1775 1396 2002 1451 modico

356 1486 553 1558 elapso
586 1494 865 1560 tempore,
898 1487 1202 1560 plagarum
1236 1485 1433 1541 dolore
1477 1485 1783 1555 interierit,
1833 1484 2011 1539 itera-

356 1577 519 1649 tique
548 1577 812 1650 martyrii
842 1577 1091 1649 gloriam
1121 1577 1179 1631 in
1211 1576 1441 1632 Christo
1473 1574 1807 1630 obtinuerit.
1863 1576 2014 1639 Quot

360 1665 459 1722 alii
492 1666 768 1723 monachi
802 1666 1052 1738 ﬂagellis
1082 1666 1210 1722 caesi
1244 1669 1405 1736 sunt,
1457 1665 1695 1721 sedente
1743 1662 2015 1731 Gregorio

358 1770 493 1811 cum
524 1754 755 1811 Balacio
787 1756 935 1811 duce
965 1759 1303 1827 nuncupato
1329 1754 1341 1809 Ξ
1368 1753 1518 1817 Quot
1541 1752 1799 1826 episcopi
1823 1750 2012 1824 plagis

359 1843 575 1901 concisi
604 1843 616 1898 !
650 1844 801 1908 Quot
828 1844 1085 1917 virgines
1114 1844 1459 1900 verberatae!

432 1934 518 1988 13.
550 1936 690 1989 Post
720 1933 840 1989 haec
869 1933 1175 2005 improbus
1205 1932 1519 2005 Gregorius
1550 1948 1756 1987 omnes
1804 1930 2010 1987 cohor-

360 2027 521 2080 tatus
553 2026 642 2079 est
672 2026 736 2078 ut
768 2038 970 2079 secum
998 2023 1523 2079 communicarent.
1558 2020 1735 2092 Atqui
1767 2021 1817 2075 si
1848 2035 2012 2074 com-

362 2111 706 2168 munionem
765 2128 970 2168 eorum
1026 2110 1393 2183 postulabas,
1455 2126 1571 2165 non
1630 2108 1793 2181 digni
1824 2106 2013 2179 plagis

362 2205 531 2257 erant
559 2200 644 2255 illi
669 2219 682 2270 ;
717 2201 808 2257 sin
839 2204 906 2256 ut
928 2200 1229 2273 improbos
1255 2197 1738 2269 1ancinasti,quid
1756 2201 1822 2252 ut
1844 2212 2011 2253 sanc-

363 2295 455 2346 tos
486 2290 722 2346 eosdem
753 2289 1111 2346 hortabare?
1166 2290 1239 2344 At
1294 2287 1442 2344 nihil
1498 2286 1597 2344 ille
1627 2287 1683 2342 in
1717 2285 2014 2359 proposito

363 2378 591 2449 habuit,
626 2396 804 2451 quam
835 2383 901 2435 ut
928 2379 1186 2435 virorum
1216 2378 1318 2450 qui
1349 2394 1412 2433 se
1443 2376 1728 2433 miserant
1775 2392 1869 2431 res
1917 2390 2015 2447 pe-

364 2472 611 2542 rageret,
642 2468 1033 2542 haeresimque
1091 2468 1400 2524 stabiliret.
1429 2471 1743 2538 Pr0pterea
1776 2462 2019 2521 homici-

366 2558 461 2623 da,
494 2557 772 2629 carnifex,
807 2556 1296 2623 contumeliosus,
1344 2555 1777 2621 fraudulentus,
1823 2552 2017 2626 profa-

367 2663 501 2717 nus,
533 2663 773 2718 unoque
800 2646 1004 2715 verbo,
1035 2645 1250 2701 Christi
1272 2644 1461 2700 hostis
1483 2642 1703 2699 stultus
1733 2641 1829 2697 ille
1858 2641 2021 2699 effec-

366 2740 466 2791 tus
496 2739 605 2791 est.
638 2734 911 2807 Episcopi
943 2738 1318 2790 materteram
1341 2733 1424 2789 ita
1440 2733 1647 2788 acerbe
1676 2736 2020 2804 persecutus

369 2828 480 2892 est,
509 2827 576 2879 ut
604 2839 678 2879 ne
706 2824 1043 2880 defunctam
1074 2823 1312 2895 quidem
1342 2814 1560 2878 sineret
1586 2819 1839 2894 sepeliri,
1865 2822 2019 2893 quod

367 2927 513 2969 sane
544 2912 810 2968 futurum
842 2915 986 2980 erat,
1047 2912 1391 2983 abjectaque
1449 2911 1656 2966 fuisset
1701 2908 2020 2982 insepulta,

368 3001 484 3058 nisi
514 3002 617 3074 qui
646 3018 774 3058 eam
806 3000 1117 3069 sustulere,
1152 3001 1323 3073 quasi
1354 3000 1658 3073 proprium
1690 3000 1801 3056 sibi
1848 3000 2020 3056 cada-

363 3107 465 3147 ver
493 3093 912 3163 asportassent:
937 3090 1017 3145 ifa
1045 3089 1245 3162 impiis
1267 3089 1377 3145 hac
1408 3090 1467 3144 in
1500 3106 1561 3145 re
1593 3088 1858 3145 moribus
1888 3089 2020 3145 fuit.

369 3180 653 3237 Praeterea
680 3196 812 3237 cum
842 3180 1029 3235 viduae
1059 3178 1214 3236 218
1246 3178 1557 3250 caeterique
1588 3178 1840 3234 mendici
1869 3178 2018 3234 elee-

2114 613 2207 667 γον
2242 590 2472 662 ἐξελθεῖν
2507 592 2584 655 εἷς
2621 593 2721 663 τὴν
2756 590 3055 668 Αἴγυπτον,
3105 591 3196 647 καὶ
3246 589 3440 647 λοιπὸν
3486 590 3773 647 ἐπίσκοποι

2118 680 2463 756 μαστίζονται
2520 682 2609 737 καὶ
2674 679 2999 756 έδεσμοῦντο
3059 685 3273 757 πικρῶς
3307 726 3319 740 .
3381 683 3772 756 Σαραπάμμω-

2112 792 2179 825 να
2235 775 2364 845 γοῦν
2425 769 2716 825 ἐπίσκοπον
2780 768 3141 847 ὁμολογητήν
3197 769 3520 848 ἐξορίζουσι,
3548 772 3770 845 Ποτάμ-

2119 881 2272 933 μωνα
2302 862 2413 934 (57)
2446 857 2504 915 δὲ
2535 859 2825 916 ἐπίσκοπον
2860 858 3243 936 ὁμολογητὴν,
3288 861 3630 916 ἀπολέσαντα
3681 860 3771 915 καὶ

2116 948 2273 1003 αὐτὸν
2305 950 2396 1004 τὸν
2430 947 2711 1027 ὀφθαλμὸν
2763 948 2812 1004 ἐν
2863 954 2942 1022 τῷ
2989 947 3244 1024 διωγμῷ,
3300 949 3444 1005 οὕτω
3467 950 3771 1024 κατέκοψαν

2114 1043 2234 1101 ταῖς
2263 1038 2642 1116 καταυχενίοις
2663 1037 2932 1113 πληγαῖς,
2956 1039 3033 1102 ὡς
3069 1039 3144 1112 μὴ
3178 1038 3441 1115 πρότερον
3472 1038 3772 1094 παύσασθαι

2116 1127 2243 1202 πρὶν
2277 1125 2335 1181 ἂν
2369 1129 2695 1200 νομισθῆναι
2741 1128 2834 1182 τὸν
2880 1123 3162 1203 ἄνθρωπον
3213 1128 3423 1204 νεκρὸν.
3457 1127 3611 1183 Οὕτω
3641 1132 3770 1204 γοῦν

2120 1215 2337 1294 ἐρρίφη,
2369 1216 2459 1271 καὶ
2494 1216 2653 1291 μόγις
2686 1215 2820 1290 μετὰ
2850 1215 2995 1291 ὥρας
3026 1217 3459 1293 θεραπευόμενος
3496 1217 3587 1272 καὶ
3620 1216 3772 1294 διαρ-

2122 1305 2471 1382 ῥιπιζόμενος
2524 1305 2832 1375 ἀνέπνευσε,
2878 1309 2976 1360 τοῦ
3029 1309 3163 1361 Θεοῦ
3194 1303 3498 1369 δεδωκότος
3525 1307 3589 1362 τὸ
3627 1310 3721 1381 ζῇν
3757 1328 3770 1342 ·

2123 1393 2268 1449 ἀλλά
2301 1396 2435 1468 μετά
2466 1395 2666 1472 χρόνον
2703 1391 2893 1469 ὀλίγον
2950 1393 3009 1448 ἐκ
3053 1399 3152 1449 τοῖ’)
3190 1393 3361 1449 πόνου
3390 1400 3498 1450 τῶν
3538 1392 3772 1471 πληγῶν

2123 1485 2426 1553 ἀπέθανεν,
2485 1483 2628 1560 ἔχων
2690 1482 2740 1538 ἐν
2806 1488 3023 1560 Χριστῷ
3077 1484 3139 1539 τὸ
3199 1483 3468 1561 καύχημα
3527 1482 3776 1561 δευτέρου

2127 1572 2445 1650 μαρτυρίου.
2500 1573 2663 1628 Πόσοι
2711 1594 2771 1627 τε
2819 1570 2983 1628 ἄλλοι
3030 1573 3353 1647 μονάζοντες
3400 1572 3777 1647 ἐμαστίζοντο,

2121 1663 2482 1736 καθεζομένου
2531 1662 2841 1739 Γρηγορίου
2885 1663 3020 1736 μετᾶ
3050 1662 3359 1734 Βαλακίου,
3405 1667 3503 1719 τοῦ
3545 1661 3779 1741 λεγομὲ-

2122 1774 2218 1807 του
2250 1749 2443 1814 δουκός
2478 1752 2490 1807 ί
2522 1751 2683 1806 πόσοι
2731 1750 3015 1807 ἐπίσκοποι
3066 1750 3360 1808 ἐκόπτοντο
3395 1753 3407 1808 !
3441 1751 3607 1808 πόσαι
3636 1772 3776 1828 παρ-

2039 1878 2089 1943 Β
2125 1843 2269 1898 θένοι
2295 1841 2584 1897 ἐτύπτοντο
2765 1843 2777 1897 ί

2196 1935 2280 1988 13.
2318 1931 2447 1986 Εἶτα
2477 1932 2506 1986 ὁ
2553 1927 2742 1993 ἄθλιος
2794 1930 3101 2007 Γρηγόριος
3154 1932 3289 2005 μετά
3334 1932 3780 2006 ταῦταήπαρεκά-

2122 2019 2205 2075 λει
2264 2022 2469 2083 πάντας
2532 2025 2813 2074 κοινωνεῖν
2876 2018 3022 2092 αὐτῷ
3082 2039 3094 2052 ·
3149 2020 3329 2076 καίτοι
3388 2021 3434 2076 εί
3490 2021 3777 2077 κοινωνίαν

2122 2108 2310 2181 ἠξίους
2341 2110 2453 2183 (59)
2484 2109 2610 2184 παρ’
2661 2108 2834 2164 αὐτῶν
2886 2105 3055 2184 ἔχειν,
3112 2108 3212 2165 οὐκ
3256 2110 3393 2180 ⁴ἦσαν
3444 2108 3585 2182 ἄξιοι
3629 2109 3780 2181 πλη-

2123 2203 2236 2274 γῶν
2274 2217 2286 2230 ·
2329 2197 2375 2253 εί
2406 2195 2464 2252 δὲ
2490 2197 2565 2260 ὡς
2596 2195 2842 2275 φαύλους
2888 2193 3132 2272 ἔκοπτες,
3182 2198 3235 2252 τί
3281 2198 3355 2261 ὡς
3407 2199 3598 2274 ἁγίους
3641 2219 3781 2276 παρ-

2125 2285 2337 2350 εκάλεις
2370 2306 2384 2355 ;
2419 2285 2577 2341 Ἀλλ’
2606 2284 2759 2342 οὐδὲν
2794 2287 2861 2355 ἧν
2896 2286 3045 2359 αὐτῷ
3091 2287 3475 2361 ποοκείμενον,
3507 2289 3544 2358 ἢ
3574 2290 3642 2344 τὰ
3668 2293 3779 2344 τῶν

2126 2376 2560 2432 ἀποστειλάντων
2609 2374 2928 2453 πληρῶσαι,
2956 2375 3047 2431 καὶ
3086 2377 3186 2446 τὴν
3239 2397 3442 2454 αιρεσιν
3496 2385 3784 2448 συστῆσαι.

2126 2467 2225 2521 Διά
2251 2470 2412 2521 τοῦτο
2442 2465 2532 2520 καὶ
2563 2468 2677 2538 (60)
2710 2462 3043 2543 ἀνδροφόνος
3073 2466 3268 2541 γέγονε
3313 2467 3403 2521 καὶ
3437 2464 3659 2541 δήμιος,
3691 2467 3783 2523 καὶ

2128 2550 2411 2631 ὑϐριστὴς,
2438 2555 2528 2609 καὶ
2561 2552 2770 2625 δόλιος,
2820 2554 2911 2609 καὶ
2963 2551 3225 2631 βέϐηλος,
3257 2555 3349 2611 καὶ
3394 2557 3457 2612 τὸ
3488 2554 3617 2612 ὅλον
3651 2563 3784 2630 Χρι-

2128 2646 2408 2721 στομάχος
2442 2644 2469 2699 ὁ
2510 2643 2762 2715 ἀνόητος.
2815 2645 2921 2713 Τήν
2973 2648 3103 2720 γοῦν
3151 2649 3250 2701 τοῦ
3295 2644 3592 2702 ἐπισκόπου
3638 2642 3783 2702 θείαν

2129 2734 2303 2797 οὕτως
2334 2730 2573 2804 ἐδίωξεν,
2618 2733 2693 2795 ὡς
2752 2729 2894 2806 μηδὲ
2940 2733 3309 2790 ἀποθανοῦσαν
3358 2735 3566 2813 ἀφεῖναι
3615 2742 3789 2814 ταφῆ-

2127 2844 2215 2879 ναι
2252 2842 2265 2855 '
2308 2822 2398 2877 καὶ
2446 2825 2593 2877 τοῦτ’
2640 2821 2698 2877 ἂν
2754 2820 3018 2898 ἐγεγόνει,
3058 2824 3147 2878 καὶ
3196 2820 3396 2902 ἄταφος
3457 2822 3678 2902 έρῥίφη,
3737 2825 3784 2880 εἰ

2135 2914 2209 2987 μὴ
2244 2913 2296 2966 οἱ
2328 2909 2716 2984 ὑποδεξάμενοι
2746 2910 2912 2981 αὐτὴν
2947 2912 3023 2974 ὡς
3053 2909 3188 2967 ἴδιον
3222 2913 3408 2988 νεκρὸν
3441 2911 3730 2987 ἐξήνεγκαν
3768 2933 3783 2947 ο

2131 3002 2274 3057 οὕτω
2321 3002 2411 3056 καὶ
2462 2999 2512 3056 ἐν
2543 2999 2760 3063 τούτοις
2810 3001 2955 3077 εἶχεν
3011 3000 3220 3057 ἀνόσιον
3263 3001 3354 3056 τὸν
3411 2999 3634 3079 τρόπον.
3681 3001 3782 3057 Καὶ

2130 3093 2233 3168 γὰρ
2283 3091 2374 3146 καὶ
2430 3094 2623 3167 χηρῶν
2658 3092 2772 3164 (61)
2800 3091 2891 3145 καὶ
2940 3088 3127 3145 ἄλλων
3177 3088 3437 3162 ἀνεξόδων
3499 3087 3780 3147 λαϐόντων

2134 3178 2536 3255 ἐλεημοσύνην,
2570 3179 2785 3234 ἐκέλευε
2829 3181 2898 3236 τὰ
2945 3177 3211 3254 δεδομένα
3257 3178 3660 3258 διαρπάζεσθαι,
3692 3180 3787 3236 καὶ

375 3286 683 3342 mosynam
716 3271 974 3341 accipere
1030 3271 1431 3335 consuessent,
1481 3268 1667 3338 jussit
1723 3284 1790 3323 ea
1847 3266 2019 3340 diripi

2133 3272 2201 3325 τά
2230 3251 2425 3345 ἀγγεῖα
2454 3267 2505 3324 ἐν
2538 3270 2621 3331 οἷς
2650 3267 2836 3347 ἔφερον
2881 3269 2942 3324 τὸ
2973 3251 3156 3325 ἔλαιον
3187 3269 3277 3324 καὶ
3319 3251 3411 3325 τδν
3456 3269 3625 3343 οἶνον,
3648 3251 3794 3325 κατ-

380 3375 508 3432 quae
537 3357 947 3431 erogabantur,
981 3356 1388 3430 confringique
1416 3372 1557 3412 vasa
1587 3355 1802 3428 quibus
1834 3355 2026 3412 oleum

379 3448 703 3519 vinumque
733 3447 1139 3514 deferebatur;
1173 3450 1239 3501 ut
1255 3462 1371 3501 non
1395 3444 1588 3501 solum
1619 3445 1898 3518 rapiendo
1928 3444 2031 3501 illa

384 3536 562 3609 impie
593 3539 809 3607 ageret,
838 3551 1040 3591 verum
1071 3534 1247 3591 etiam
1306 3534 1486 3607 gestis
1542 3533 1670 3589 suis
1712 3533 2030 3589 Dominum

384 3625 597 3698 probro
629 3624 907 3693 afﬁceret,
939 3623 1097 3679 brevi
1130 3624 1201 3680 ab
1234 3622 1335 3679 illo
1367 3622 1711 3681 auditurus:
1736 3624 2029 3689 Quantum

382 3714 492 3772 hos
523 3712 908 3783 inhonorasti,
949 3716 1007 3768 et
1035 3726 1130 3770 me
1158 3711 1546 3769 inhonorasti.

455 3804 543 3860 14.
576 3802 760 3859 Multa
788 3819 1023 3875 quoque
1043 3802 1158 3859 alia
1177 3802 1316 3858 fecit
1345 3818 1469 3875 qua:
1500 3818 1735 3858 omnem
1752 3801 2031 3874 loquendi

382 3893 718 3951 facultatem
751 3895 1053 3964 superant,
1103 3891 1347 3964 quibus,
1396 3890 1495 3963 qui
1551 3890 1801 3958 audiret,
1852 3891 2030 3947 ﬁdem

384 3984 644 4056 negaret.
678 3980 846 4037 Talia
875 3984 1069 4037 autem
1103 3980 1313 4054 agendi
1365 3979 1488 4035 haec
1537 3979 1623 4034 illi
1682 3997 1861 4036 causa
1900 3981 2029 4051 fuit,

384 4072 542 4145 quod
568 4070 793 4127 scilicet
823 4085 1012 4142 neqne
1035 4071 1207 4142 juxta
1235 4069 1697 4126 ecclesiasticum
1748 4086 2031 4125 canonem

382 4160 691 4218 ordinatus
722 4158 953 4228 fuisset,
983 4175 1171 4231 neque
1193 4160 1367 4231 juxta
1422 4156 1802 4230 apostolicam
1850 4159 2031 4214 tradi-

386 4252 612 4307 tionem
659 4251 899 4305 vocatus
955 4247 1165 4304 fuisset
1192 4248 1539 4321 episcopus:
1602 4263 1666 4303 se
1719 4264 1788 4303 ex
1816 4247 2032 4320 palatio

376 4356 516 4397 cum
546 4338 794 4395 militari
822 4354 1002 4394 manu
1030 4341 1087 4393 et
1115 4353 1333 4410 pompa
1361 4336 1584 4393 missus
1616 4337 2029 4409 fuisset,quasi

377 4427 677 4486 saecularis
710 4427 822 4484 sibi
853 4425 1237 4499 magistratus
1269 4426 1522 4481 traditus
1554 4430 1726 4482 esset.
1772 4426 2033 4499 Quapro-

379 4522 510 4592 pter
567 4517 1023 4589 magistratuum
1083 4515 1277 4588 potius
1336 4516 1564 4570 amicus
1596 4515 1835 4587 optabat
1880 4532 2029 4584 esse,

2139 3360 2391 3433 εάγασθαι
2440 3360 2575 3431 (62),
2617 3355 2709 3412 ’ίνα
2760 3359 2835 3431 μὴ
2891 3357 3053 3432 μόνον
3107 3352 3291 3413 λαϐὼν
3343 3352 3603 3433 ἀσεϐήσῃ,
3645 3356 3794 3415 ἀλλὰ

2138 3448 2228 3503 καὶ
2286 3443 2469 3523 ἔργοις
2531 3447 2765 3521 ἀτιμάζῃ
2817 3446 2908 3501 τὸν
2964 3446 3183 3522 Κύριον,
3239 3445 3606 3521 ἀκουσόμενος
3664 3445 3789 3502 ὅσον

2140 3534 2355 3592 οὐδέπω
2402 3537 2529 3611 παρ’
2573 3535 2738 3591 αὐτοῦ
2771 3554 2783 3568 ⁸
2818 3535 3041 3614 Ἐφόσον
3092 3535 3366 3611 ἠτίμασας
3412 3535 3661 3607 τούτους,
3695 3534 3793 3609 ἐμὲ

2139 3625 2432 3699 ἠτίμασας.

2213 3805 2297 3860 14.
2332 3799 2526 3857 Πολλά
2577 3822 2636 3857 τε
2689 3797 2849 3879 ἕτερα
2904 3800 3097 3877 ἐποίει,
3157 3800 3191 3857 ἃ
3244 3802 3335 3858 καὶ
3384 3802 3558 3880 λόγου
3598 3804 3787 3884 φράσιν

2142 3892 2438 3970 ὑπεραίρει,
2488 3891 2579 3946 καὶ
2634 3890 2866 3954 ἀκούσας
2913 3912 2997 3955 τις
3049 3889 3247 3948 ἄπιστα
3291 3892 3557 3967 νομίσειε.
3616 3898 3796 3949 Ταῦτα

2141 3980 2199 4036 δὲ
2230 3980 2319 4036 διὰ
2344 3982 2491 4036 τοῦθ’
2521 3979 2694 4042 οὕτως
2745 3975 3027 4055 ἔπραττεν,
3059 3980 3175 4037 ἐπεὶ
3225 3984 3365 4056 μήτε
3416 3980 3797 4053 ἐκκλησιαστι-

2137 4076 2220 4144 κῷ
2276 4069 2459 4125 κανόνί
2515 4070 2616 4139 τήν
2674 4070 2995 4125 κατάστασιν
3055 4070 3192 4148 εἶχε,
3254 4072 3392 4145 μήτε
3449 4068 3795 4146 ἀποστολικῇ

2139 4157 2433 4238 παραδόσει
2475 4159 2700 4229 κληθεὶς
2743 4158 2810 4228 ἧν
2864 4158 3158 4222 ἐπίσκοπος
3193 4177 3206 4190 ·
3241 4157 3368 4215 ἀλλ’
3418 4159 3477 4215 ἐκ
3521 4157 3798 4215 παλατίω

2145 4250 2280 4323 μετὰ
2309 4253 2705 4323 στρατιωτικῆς
2748 4244 2990 4318 ἐξουσίας
3040 4248 3131 4303 καὶ
3180 4249 3473 4327 φαντασίας
3523 4247 3798 4304 ἀπέσταλ-

2138 4360 2201 4393 το
2235 4386 2250 4412 ,
2307 4336 2487 4411 ὥσπερ
2549 4337 2726 4414 ἀρχὴν
2784 4339 3054 4411 κοσμικὴν
3110 4337 3588 4414 ἐγκεχειρισμένος
3624 4383 3638 4396 .
3700 4340 3805 4394 Διὰ

2138 4432 2300 4482 τοῦτο
2330 4426 2420 4481 καὶ
2452 4425 2734 4504 ἀρχόντων
2773 4424 2985 4500 μᾶλλον
3017 4423 3224 4504 ηὔχετο
3248 4426 3411 4506 φίλος
3444 4428 3579 4483 εἶναι
3607 4428 3644 4497 ἢ
3678 4427 3802 4483 ἐπι-

2141 4516 2356 4572 σκόπων
2404 4516 2495 4571 καὶ
2550 4514 2914 4589 μοναζόντων.
2967 4513 3040 4571 Ei’
3080 4537 3213 4571 ποτε
3265 4514 3361 4571 οὖν
3412 4516 3502 4572 καὶ
3532 4517 3562 4571 ὁ
3609 4518 3803 4593 Πατὴρ

383 4624 566 4681 quam
619 4606 1031 4679 episcoporum
1094 4609 1152 4661 ct
1208 4603 1654 4661 monachorum.
1713 4604 1769 4659 Si
1801 4606 2019 4677 quandt

2143 4608 2434 4669 Ἀντώνιος
2486 4603 2544 4660 ἐκ
2590 4608 2688 4689 του
2745 4601 2907 4681 ὅρους
2957 4603 3222 4684 ἔγραφεν,
3277 4605 3459 4682 ὥσπερ
3513 4602 3808 4682 βδέλυγμα

386 4697 567 4770 igitur
594 4699 765 4751 Pater
792 4694 1079 4750 Antonius
1110 4693 1195 4748 illi
1228 4709 1298 4749 ex
1327 4697 1525 4750 monte
1551 4694 1851 4762 scriberet,
1884 4695 2019 4750 sicut

2142 4692 2458 4772 ἁμαρτωλῷ
2487 4687 2782 4763 θεοσέϐεια,
2815 4694 2989 4757 οὕτως
3016 4689 3369 4751 ἐϐδελύσσετο
3399 4695 3468 4751 τὰ
3493 4699 3591 4751 τοῦ
3639 4695 3805 4771 ἁγίου

387 4787 576 4859 pietas
596 4801 735 4857 erga
764 4788 942 4840 Deum
972 4782 1260 4855 peccatori
1283 4782 1643 4839 abominatio
1692 4788 1782 4839 est
1805 4784 1917 4853 ;sic
1938 4783 2035 4840 ille

384 4874 571 4932 sancti
592 4874 699 4929 viri
718 4873 944 4929 litteras
961 4872 1497 4929 exsecrabatur.Sin
1528 4889 1662 4928 vero
1694 4872 2030 4945 imperator,

387 4967 488 5019 aut
514 4962 631 5017 dux
663 4960 968 5028 exercitus,
1001 4964 1103 5016 aut
1131 4959 1281 5015 alius
1340 4959 1634 5032 quispiam
1684 4960 1887 5031 judex,
1934 4962 2029 5017 lit-

375 5056 532 5108 teras
578 5052 652 5108 ad
684 5067 819 5107 eum
851 5050 1128 5122 mitteret,
1173 5053 1338 5106 tanta
1395 5051 1668 5122 perfusus
1725 5055 1851 5108 erat
1896 5051 2033 5107 laeti-

595 5211 775 5286 I-‘tegn.
795 5208 1268 5286 Ποτάμωναηομω
1300 5209 1482 5286 unico,
1510 5230 1585 5286 μ.⁸⁸
1618 5214 1750 5286 Mox
1799 5211 2031 5286 Reg.et

374 5278 576 5351 Βαὲὶιξ,
609 5278 971 5336 ἀπολέσει-ενα.
1034 5281 1185 5337 Editi
1237 5299 1399 5350 vero,
1458 5278 1819 5352 ἀπολέσοτνα,
1854 5278 2024 5341 male.

374 5355 556 5444 Paulo
584 5358 716 5444 prost
748 5353 913 5444 Reg,,
945 5351 1230 5444 κατέκοψε,
1265 5369 1595 5444 perperam.

442 5427 553 5499 (58)
583 5424 742 5499 Haec,
783 5424 945 5499 πόσαι
993 5424 1285 5499 ,παρθένοί
1319 5424 1637 5499 ἐτύπτοντο,
1698 5429 1910 5485 desunt
1964 5428 2026 5485 in

371 5496 566 5568 editis,
594 5499 697 5553 sed
716 5496 787 5570 in
820 5497 960 5570 Reg.
993 5496 1288 5570 leguntur.

706 5569 871 5668 Reg},
901 5569 1092 5668 Bashiln.l
1115 5574 1172 5626 et
1200 5569 1363 5626 editi.
1412 5569 1835 5628 Commeliana.
1868 5570 2022 5628 Edit.

368 5656 501 5698 vero
530 5640 736 5713 Psris,
766 5640 944 5713 ἠξίου,
978 5641 1151 5698 male.

438 5713 549 5799 (60)
581 5710 680 5765 Καὶ
712 5710 843 5785 post
869 5715 1031 5769 τοῦτο
1074 5714 1241 5773 deest
1268 5714 1331 5773 in
1381 5712 1557 5773 editis
1642 5714 1744 5773 sed
1783 5714 1843 5773 in
1875 5715 2015 5793 Reg.

2142 4785 2460 4860 γράμματα.
2510 4780 2582 4837 Εἴ
2622 4803 2756 4837 ποτε
2803 4780 2861 4838 δὲ
2913 4781 3192 4860 βασιλεὺς,
3231 4784 3268 4853 ἢ
3313 4782 3721 4859 στρατηλάτης,
3759 4784 3801 4854 ἢ

2141 4870 2314 4935 ἄλλος
2343 4869 2602 4940 δικαστὴς
2634 4869 2977 4945 ἐπέστελλεν,
3012 4872 3156 4927 οὕτω
3176 4875 3487 4951 περιχαρὴς
3521 4873 3800 4950 ἐγίγνετο,

2140 4963 2217 5025 ὡς
2248 4962 2300 5015 οἱ
2331 4960 2383 5016 ἐν
2413 4966 2532 5023 ταῖς
2583 4960 2934 5036 Ηαροιμίαις,
2984 4963 3165 5024 καθὼς
3214 4960 3554 5038 σχετλιάζων
3605 4958 3798 5039 ἔλεγεν

2140 5052 2169 5106 ὁ
2226 5048 2391 5127 λόγος
2426 5070 2439 5083 ·
2470 5055 2535 5105 Ὢ
2587 5051 2639 5105 οἱ
2694 5048 3178 5126 ἐγκαταλείποντες
3236 5049 3398 5114 ὁδοὺς
3455 5051 3683 5124 εὐθείας,
3741 5054 3801 5108 οἱ

2477 5288 2621 5363 Beg.
2659 5288 2722 5343 In
2776 5286 2948 5344 editis
3004 5285 3289 5363 verode
3350 5290 3545 5363 χηρῶν
3604 5287 3800 5363 deest.

2136 5355 2312 5427 Ibi'd.,’
2342 5355 2645 5433 ἀνεξόδοιῖς,
2680 5375 2937 5433 gecvox
2996 5360 3293 5433 significat
3344 5355 3670 5433 mendicos,
3712 5359 3807 5416 ita

2135 5436 2390 5500 vocatos,
2425 5427 2581 5502 quod
2615 5427 2754 5487 eant
2810 5429 2911 5484 ἀνὰ
2964 5427 3083 5492 τάξ
3123 5427 3341 5500 ἐξόδους
3388 5448 3499 5503 per
3524 5427 3700 5488 vias:
3735 5436 3809 5503 at

2134 5503 2311 5579 longe
2338 5503 2460 5579 alio
2483 5519 2662 5579 sensu
2688 5508 2925 5575 accepta
2945 5509 3034 5560 est
3065 5519 3099 5560 a
3126 5503 3615 5579 quibusdam,sed
3638 5502 3809 5565 male

2134 5580 2201 5631 ut
2229 5574 2382 5631 intra
2411 5574 2724 5631 videbitur.

2209 5648 2321 5723 (62)
2353 5647 2447 5705 Sic
2477 5646 2637 5706 editi.
2671 5646 2836 5721 Reg.,
2866 5645 3271 5706 κατεάσσεσθαι.
