4132 6368
433 264 551 329 709

1378 264 1745 328 HISTORIA
1786 264 2258 330 ARIANORUM
2303 271 2404 331 AD
2451 270 2907 335 MONACHOS.

3732 269 3852 333 ἨΟ

433 393 845 475 εὐφραινόμενοι
930 393 1017 449 ἐπὶ
1096 400 1283 457 κακοῖς
1357 442 1369 467 ,
1446 397 1536 451 καὶ
1620 397 1906 473 χαίροντες
1997 397 2072 452 ἐπῖ

2202 402 2300 469 tia,
2333 410 2554 476 quanta
2600 405 2685 461 illi
2718 408 2789 462 de
2820 407 3035 478 quibus
3081 409 3141 464 in
3174 410 3497 466 Proverbiis
3528 410 3687 466 haud
3721 407 3847 464 sine

435 483 734 563 διαστροφῇ
795 488 974 539 κακῶν
1012 528 1024 541 .
1082 484 1306 557 Ἃμέλει
1363 486 1489 548 τοὺς
1549 487 1640 559 μέν
1700 492 1866 541 ταῦτα
1927 488 2087 559 κομί-

432 581 622 645 ζοντας
690 573 851 647 ἐτίμα
910 576 1193 649 χρήμασιν
1412 594 1423 605 ·
1484 576 1779 630 Ἀντωνίου
1839 574 1897 630 δὲ
1956 598 2089 631 ποτε

428 666 763 741 γράψαντος,
814 662 1083 732 πεποίηκε
1131 663 1220 717 τὸν
1283 660 1451 719 δοῦκα
1508 664 1774 719 Βαλάκιον
1824 672 2090 721 καταπτῦ-

430 775 518 809 σαι
545 760 648 822 τῆς
683 750 1005 821 ἐπιπολῆς,
1056 752 1147 806 καὶ
1199 752 1400 822 ταύτην
1454 753 1770 830 ἀποῤῥίῴαι.
1823 753 1977 809 Ἀλλ’
2026 756 2085 809 ού

429 840 678 918 παρεῖδεν
713 845 747 911 ἡ
789 841 904 896 θεία
958 838 1081 911 δίκη
1120 861 1132 873 °
1176 844 1291 915 μετ’
1336 842 1397 897 οὗ
1438 841 1584 897 πολὺ
1633 844 1735 918 γὰρ
1780 846 1871 899 τὸν
1928 842 2085 921 λεγό-

433 953 592 1007 μενον
644 928 811 985 δοῦκα
870 930 1264 1003 ἐπικαθήμενον
1320 930 1499 1004 ἵππῳ,
1555 932 1645 987 καὶ
1706 932 2081 1009 ἀπερχόμενον

429 1021 505 1083 είς
561 1022 659 1090 τὴν
720 1022 944 1096 πρώτην
1010 1022 1206 1093 μονὴν,
1267 1020 1614 1099 ἐπιστραφεὶς
1671 1022 1698 1075 ὁ
1745 1020 1937 1095 ἵππος,
1992 1023 2082 1077 καὶ

429 1108 603 1165 δακὼν
656 1110 733 1173 εἰς
762 1111 852 1165 τὸν
904 1110 1101 1184 μηρὸν,
1156 1105 1442 1179 κατέϐαλε,
1497 1111 1586 1165 καὶ
1632 1116 1799 1188 τριῶν
1852 1115 2077 1188 ἡμερῶν

428 1201 682 1255 ἀπέθανεν
694 1242 706 1256 .

2200 491 2601 564 indignatione
2646 495 2857 551 dicitur
2889 514 2901 551 :
2944 500 3023 553 Vae
3053 501 3148 569 qui
3194 499 3583 571 derelinquunt
3610 501 3730 554 vias
3759 515 3849 554 re-

2199 585 2331 647 ctas,
2364 585 2461 653 qui
2511 586 2772 639 testantur
2818 588 2877 640 in
2907 588 3098 659 malis,
3132 592 3183 643 et
3214 592 3313 661 qui
3356 589 3603 658 gaudent
3634 591 3691 644 in
3721 605 3850 644 con-

2197 675 2506 727 versatione
2535 675 2811 729 malorum
2831 677 2891 731 97.
2917 677 3031 732 Eos
3060 682 3213 733 certe
3245 679 3345 751 qui
3368 677 3713 749 hujusmodi
3740 677 3856 733 sibi

2196 759 2421 815 litteras
2453 762 2789 818 deferebant
2810 765 3194 836 pecuniarum
3228 768 3381 823 dono
3414 766 3851 823 remunerabat.

2194 849 2485 905 Antonius
2534 868 2665 907 vero
2714 869 2848 907 cum
2883 853 3204 926 aliquando
3258 855 3618 928 scripsisset,
3650 859 3855 911 auctor

2196 937 2309 992 fuit
2347 937 2443 993 ille
2474 944 2538 994 ut
2591 941 2852 997 Balacius
2883 944 3003 998 dux
3050 944 3109 999 in
3142 944 3453 1017 epistolam
3497 949 3756 1017 spueret,
3788 944 3854 999 il-

2194 1027 2435 1098 lamque
2460 1029 2768 1101 projiceret
2797 1048 2807 1086 :
2844 1033 2945 1088 sed
2978 1050 3101 1088 rem
3134 1034 3291 1090 haud
3323 1034 3576 1090 inultam
3609 1033 3853 1106 reliquit

2192 1115 2389 1171 divina
2416 1117 2709 1188 vindicta;
2745 1120 3034 1192 siquidem
3060 1140 3173 1179 non
3208 1124 3308 1179 diu
3341 1129 3543 1196 postea
3573 1141 3723 1196 equo
3754 1122 3846 1178 in-

2190 1204 2479 1261 sidentem
2512 1207 2741 1278 ducem,
2775 1215 2831 1265 et
2861 1212 2933 1265 ad
2965 1212 3291 1283 proximam
3326 1212 3698 1269 mansionem
3728 1214 3842 1268 iter

426 1290 860 1359 instituentem,
894 1305 1207 1347 conversus
1236 1307 1423 1363 equus
1453 1290 1512 1347 in
1548 1291 1765 1348 femore
1812 1290 1978 1347 illum
2027 1292 2110 1349 ita
2153 1296 2492 1367 momordit,
2516 1301 2581 1352 ut
2612 1298 2777 1354 humi
2813 1300 3106 1370 dejiceret,
3152 1302 3427 1374 intraque
3451 1302 3718 1358 triduum
3746 1301 3846 1358 ille

425 1381 634 1436 obiret.

497 1470 581 1524 15.
643 1467 871 1521 Ἐκεῖνοι
933 1466 1027 1539 μὲν
1080 1465 1170 1521 οὗν
1232 1466 1406 1530 οὕτως
1457 1463 1715 1543 ἔπραττον
1761 1489 1897 1523 κατα
1951 1489 2082 1524 παν-

420 1578 528 1611 των
568 1575 579 1587 ·
613 1554 664 1611 ἐν
728 1552 785 1609 δὲ
827 1559 896 1628 τῇ
957 1557 1161 1629 Ῥώμῃ,
1226 1557 1569 1620 συνελθόντες
1631 1557 1917 1613 ἐπίσκοποί
1975 1580 2081 1613 που

420 1647 780 1715 πεντήκοντα,
822 1643 950 1706 τοὺς
1009 1646 1103 1717 μὲν
1152 1646 1277 1720 περὶ
1336 1642 1618 1714 Εύσέϐιον,
1681 1648 1757 1709 ὡς
1807 1647 2078 1710 ὑπόπτους

419 1734 508 1789 καὶ
540 1729 876 1812 φοϐηθέντας
911 1732 1108 1803 ἐλθεῖν,
1151 1734 1249 1789 οὐκ
1298 1733 1637 1807 ἀπεδέξαντο,
1685 1734 1830 1790 ἀλλᾶ
1875 1735 1965 1790 καὶ
2014 1738 2080 1791 τὰ

420 1823 694 1902 γραφέντα
750 1824 879 1900 παρ’
927 1823 1104 1879 αὐτῶν
1164 1823 1451 1899 ἠκύρωσαν
1504 1844 1514 1857 ’
1568 1828 1717 1897 ἡμᾶς
1774 1822 1829 1879 δὲ
1886 1823 2075 1880 ἀπεδέ-

2266 1474 2351 1527 15.
2403 1473 2532 1529 Haec
2584 1479 2750 1530 erant
2798 1476 3033 1532 illorum
3083 1479 3390 1536 adversum
3441 1496 3646 1536 omnes
3699 1479 3842 1535 faci-

2193 1578 2354 1617 nora.
2390 1562 2584 1618 Romaa
2615 1579 2749 1620 vero
2779 1566 2960 1621 coacti
2991 1567 3246 1639 episcopi
3275 1568 3407 1640 plus
3441 1569 3636 1624 minus
3669 1569 3842 1641 quin-

2192 1652 2494 1723 quaginta,
2529 1653 2846 1711 Eusebium
2894 1660 2951 1711 et
2982 1657 3169 1712 socios
3199 1660 3399 1729 utpote
3442 1662 3745 1730 suspectos
3776 1674 3843 1714 ac

2191 1745 2521 1797 metuentes
2572 1744 2865 1812 accedere,
2902 1762 3277 1818 nequaquam
3328 1751 3690 1819 receperunt,
3722 1747 3841 1803 imo

2189 1846 2391 1885 eorum
2423 1833 2705 1903 rescripta
2751 1833 2916 1888 irrita
2947 1835 3210 1890 fecerunt
3241 1854 3253 1891 :
3290 1852 3397 1891 nos
3427 1841 3621 1891 autem
3651 1835 3840 1892 admi-

421 1913 576 1984 ξαντο
610 1958 624 1985 ,
684 1912 775 1969 καὶ
832 1914 931 1982 τὴν
986 1914 1123 1988 πρὸς
1181 1916 1329 1986 ἡμᾶς
1376 1913 1661 1969 κοινωνίαν
1720 1915 2011 1988 ἠγάπησαν
2058 1957 2070 1970 .

2186 1935 2312 1974 sere
2342 1925 2721 1993 nostramque
2746 1923 3224 1979 communionem
3252 1924 3504 1997 amplexi
3530 1929 3688 1981 sunt.
3706 1929 3839 1982 Haec

418 2005 563 2065 Ἕως
596 2000 848 2057 δὲταῦτα
898 2001 1167 2077 ἐγίγνετο,
1217 2001 1383 2072 ἦλθεν
1437 2003 1512 2065 εἷς
1564 2008 1763 2078 γνῶσιν
1794 2009 1891 2059 τοῦ
1927 2006 2078 2077 βασι-

421 2089 563 2154 λέως
592 2092 964 2161 Κώνσταντος,
1075 2113 1133 2145 τε
1186 2090 1236 2146 ἐν
1285 2093 1469 2166 Ῥώμῃ
1508 2093 1773 2167 γενομένη
1827 2091 2073 2166 σύνοδος,

416 2180 507 2235 καὶ
564 2182 630 2235 τὰ
675 2181 727 2235 ἐν
783 2184 851 2254 τῇ
911 2177 1311 2256 Ἀλεξανδρείᾳ,
1362 2181 1452 2235 καὶ
1498 2182 1642 2255 πάσῃ
1695 2186 1764 2255 τῇ
1807 2181 2075 2257 Ἀνατολῇ

418 2270 555 2324 κατὰ
608 2273 715 2324 τῶν
780 2267 1122 2339 Ἐκκλησιῶν
1183 2272 1552 2345 γεγενημένα·
1612 2272 1703 2325 καὶ
1755 2273 1949 2349 γράφει
1998 2277 2077 2344 τῷ

418 2356 639 2437 ἀδελφῷ
669 2358 1048 2431 Κωνσταντίῳ,
1097 2359 1187 2413 καὶ
1240 2357 1432 2414 λοιπὸν
1489 2360 1820 2438 ἀμφοτέροις
1863 2360 2075 2437 ἀρέσκει

418 2445 643 2503 σύνοδον
704 2448 971 2523 γενέσθαι,
1029 2448 1119 2502 καὶ
1180 2445 1578 2522 διαγνωσθῆναι
1635 2450 1702 2503 τὰ
1756 2451 2071 2525 πράγματα,

418 2535 485 2594 ἷ¹ν’
538 2539 591 2592 οἳ
625 2538 719 2611 μὲν
770 2535 1112 2607 ἀδικηθέντες
1167 2538 1362 2610 μηκέτι
1408 2538 1716 2614 πάσχωσιν,
1770 2540 1823 2593 οἱ
1872 2536 1929 2593 δὲ
1960 2536 2073 2594 ἀδι-

417 2631 638 2689 κοῦντες
702 2627 897 2700 μηκέτι
942 2630 1165 2681 τοιαῦτα
1218 2624 1404 2699 τολμᾷ
1452 2624 1713 2681 δύνωνται
1758 2628 1888 2701 (64).
1939 2635 2071 2683 Συν-

417 2717 673 2793 έρχονται
703 2716 881 2771 τοίνυν
917 2714 1021 2770 ἀπό
1050 2736 1109 2770 τε
1136 2722 1239 2785 τῆς
1270 2714 1571 2784 Ἀνατολῆς
1601 2716 1691 2770 καὶ
1717 2722 1817 2785 τῆς
1860 2716 2071 2780 Δύσεως

417 2805 469 2861 ἐν
500 2809 569 2879 τῇ
604 2805 826 2879 Σαρδῶν
858 2803 1018 2859 πόλει
1050 2802 1217 2860 πλέον
1251 2805 1286 2873 ἢ
1321 2801 1543 2860 ἔλαττον
1597 2807 1673 2881 po’
1697 2806 1788 2859 τὸν
1841 2806 2068 2881 ἀριθμὸν

418 2894 727 2952 ἐπίσκοποι.
776 2894 875 2949 Καὶ
927 2895 979 2948 οἱ
1032 2895 1125 2967 μὲν
1184 2894 1289 2948 ἀπὸ
1338 2902 1441 2963 τῆς
1474 2893 1684 2956 Δύσεως
1734 2894 1889 2967 μόνοι
1932 2896 2067 2965 ἦσαν

418 2982 725 3057 ἐπίσκοποι,
759 2982 979 3059 ἔχοντες
1011 2984 1223 3060 Πατέρα
1269 2984 1361 3038 τὸν
1393 2986 1575 3038 Ὅσιον
1611 3001 1623 3015 ·
1659 2984 1711 3037 οἱ
1752 2980 1809 3037 δὲ
1840 2985 1943 3038 ἀπὸ
1968 2992 2071 3054 τῆς

417 3072 720 3143 ’Δνατολῆς
779 3073 1052 3149 ἐπήγοντο
1106 3074 1220 3145 μεθ’
1279 3073 1480 3128 ἑαυτῶν
1540 3070 1930 3148 παιδαγωγοὺς
1977 3074 2067 3128 καὶ

415 3162 774 3238 συνηγόρους,
808 3161 1205 3219 Μουσουνιανὸν
1238 3161 1459 3235 κόμητα
1510 3164 1645 3236 (65),
1678 3162 1767 3217 καὶ
1816 3162 2063 3239 Ἡεύχιον

2188 2008 2330 2063 dum
2362 2016 2696 2081 agerentur,
2720 2012 2789 2066 ad
2815 2013 3082 2068 notitiam
3107 2014 3441 2070 Constantis
3468 2014 3840 2087 imperatoris

2188 2097 2492 2166 devenere,
2523 2114 2656 2153 cum
2693 2099 2956 2155 Romana
2985 2103 3266 2173 synodus,
3300 2107 3429 2158 tum
3461 2119 3553 2158 res
3584 2102 3835 2159 Alexan-

2187 2184 2325 2239 driae
2375 2186 2437 2242 in
2490 2188 2879 2261 universoque
2930 2189 3163 2247 Oriente
3209 2193 3489 2248 adversus
3548 2192 3835 2249 Ecclesiae

2183 2278 2358 2347 gestae
2395 2294 2406 2330 :
2464 2277 2815 2349 scripsitque
2862 2278 2959 2334 ille
3010 2280 3171 2336 fratri
3221 2298 3329 2337 suo
3374 2280 3735 2348 Constantio,
3767 2298 3835 2338 ac

2184 2364 2423 2420 demum
2473 2365 2696 2437 placuit
2742 2367 2975 2439 utrique
3016 2373 3080 2424 ut
3122 2371 3381 2442 synodus
3419 2369 3831 2439 celebraretur,

2183 2454 2761 2527 expenderenturque
2802 2457 3033 2529 negotia
3064 2474 3077 2512 :
3112 2462 3177 2513 ut
3208 2475 3279 2514 ne
3307 2457 3461 2514 ultra
3488 2462 3835 2515 vexarentur

2182 2540 2283 2611 qui
2314 2542 2437 2597 laesi
2484 2542 2758 2612 fuissent,
2790 2562 2855 2600 ac
2904 2546 3006 2616 qui
3035 2546 3181 2601 alios
3234 2546 3522 2619 laeserant,
3556 2564 3630 2603 ne
3671 2550 3833 2619 ejus-

2182 2631 2341 2686 modi
2373 2648 2465 2687 res
2512 2638 2844 2704 perpetrare
2897 2636 3197 2691 auderent.
3232 2636 3595 2692 Conveniunt
3639 2636 3831 2709 (ANNO

2179 2720 2304 2791 347)
2337 2736 2472 2776 cum
2528 2738 2596 2777 ex
2625 2723 2857 2778 Oriente
2886 2728 3015 2779 tum
3044 2741 3113 2780 ex
3150 2725 3462 2781 Occidente
3493 2725 3553 2781 in
3585 2726 3830 2783 Serdica

2180 2809 2323 2864 urbe
2350 2809 2607 2882 epis00pi
2638 2810 2772 2883 plus
2802 2813 3000 2869 minus
3027 2818 3264 2869 centum
3293 2814 3687 2887 septuaginta.
3721 2815 3828 2871 Oc-

2181 2898 2499 2955 cidentales
2544 2906 2742 2956 autem
2795 2902 3054 2975 episcopi
3100 2903 3208 2958 soli
3252 2908 3440 2970 erant,
3472 2920 3672 2960 secum
3725 2904 3829 2959 ha-

2179 2988 2382 3044 bentes
2412 2993 2643 3045 Patrem
2666 2990 2910 3046 Hosium
2936 3009 2948 3046 :
2974 2991 3294 3048 Orientales
3324 3010 3457 3048 vero
3480 2993 3829 3065 paedagogos

2178 3076 2605 3149 advocatosque
2635 3096 2834 3135 secum
2865 3081 3250 3136 adducebant.
3286 3081 3705 3137 Musonianum
3738 3098 3829 3137 co-

2177 3164 2379 3221 mitem
2406 3171 2462 3221 et
2488 3167 2840 3239 Hesychium
2866 3169 3235 3225 Castrensem
3256 3186 3268 3223 :
3292 3186 3543 3240 quorum
3565 3186 3673 3241 ope
3692 3170 3825 3226 freti

409 3252 501 3305 τὸν
528 3254 888 3325 Καστρησιον,
937 3248 1006 3305 δι’
1056 3250 1148 3312 οὓς
1202 3251 1291 3304 καὶ
1339 3249 1634 3325 προθύμως
1680 3248 2061 3323 ἧλτον,νομί-

2186 3252 2349 3308 ilacri
2380 3254 2575 3311 animo
2607 3273 2917 3322 accessere,
2952 3256 3059 3312 rati
3094 3273 3156 3312 se
3187 3258 3386 3312 omnia
3417 3257 3691 3329 deinceps
3723 3276 3823 3315 eo—

413 3344 594 3409 ζοντες
631 3342 744 3413 μεθ’
792 3340 1033 3411 ἐξουσίας
1084 3339 1257 3394 αὐτῶν
1308 3337 1470 3394 πάλιν
1503 3340 1677 3393 πάντα
1714 3340 2057 3415 πράττεσθαι.

410 3428 564 3483 Οὕτω
605 3430 708 3503 γὰρ
742 3428 823 3484 ἀεὶ
872 3426 961 3483 διὰ
1008 3427 1215 3483 τούτων
1250 3426 1511 3507 φοδερους
1540 3427 1760 3491 ἑαυτοὺς
1792 3426 2060 3483 ἐδείκνυον

410 3517 493 3579 οἷς
553 3513 869 3574 ἐϐούλοντο.
928 3518 1019 3571 καὶ
1076 3512 1432 3573 ἐπεϐούλευον
1492 3519 1573 3580 οἷς
1632 3517 1689 3571 ἂν
1725 3519 1837 3591 (66)
1877 3517 2061 3580 αὐτοῖς

413 3603 609 3662 ἐδόκει.
649 3607 738 3669 Ὠς
787 3603 843 3661 δὲ
884 3607 1285 3677 ἀπαντήσαντες
1330 3607 1625 3682 ἑωράκασιν
1682 3604 2060 3677 ἐκκλησιαστι-

412 3696 516 3764 κὴν
549 3692 705 3765 δίκην
757 3694 926 3768 μόνην
968 3696 1276 3771 ,γενομένην
1322 3696 1499 3771 χωρὶς
1530 3694 1757 3768 κόμιτος
1786 3695 1876 3750 καὶ
1909 3716 2063 3771 στρα-

413 3788 625 3839 τιωτῶν
688 3786 821 3857 (67),
867 3784 941 3847 ὡς
1002 3785 1268 3857 ἑωράκασι
1328 3783 1454 3846 τοὺς
1521 3784 1607 3862 ἀφ’
1665 3785 1894 3854 ἑκάστης
1952 3790 2067 3838 Ἐκ-

414 3871 651 3945 κλησίας
688 3873 779 3929 καὶ
817 3871 1035 3935 πόλεως
1092 3872 1458 3948 κατηγόρους,
1508 3872 1597 3927 καὶ
1644 3873 1771 3935 τούς
1811 3874 1928 3927 κατ’
1970 3871 2062 3927 αύ-

415 3965 523 4016 τῶν
558 3959 827 4038 ἐλέγχους
862 3982 875 3996 ·
911 3961 986 4023 ὡς
1018 3962 1313 4038 ἑωράκασιν
1365 3966 1581 4037 ’Ἀρειον
1633 3961 1721 4015 καὶ
1765 3961 2064 4037 Ἀστέριον,

414 4050 637 4124 τιμίοτς
670 4048 1022 4121 ἐπισκόπους,
1054 4048 1377 4112 ἀνελθόντας
1408 4050 1501 4123 μὲν
1559 4049 1650 4104 σὺν
1700 4048 1908 4119 αὐτοῖς,
1942 4051 2069 4105 ἀπο-

417 4135 773 4211 δημήσαντας
806 4136 862 4194 δέ
903 4139 993 4193 ἀπ’
1039 4137 1239 4211 αὐτῶν,
1288 4138 1378 4193 καὶ
1427 4137 1682 4201 ἐλθόντας
1722 4140 1834 4211 μεθ’
1883 4141 2066 4211 ἡμῶν,

416 4224 817 4303 διηγουμένους
857 4248 917 4282 τε
961 4229 1060 4297 τὴν
1092 4227 1425 4305 πανουργίαν
1460 4226 1698 4298 ἐκείνων,
1731 4228 1807 4291 ὡς
1838 4227 2071 4283 ὕποπτοι

417 4315 519 4371 εἶεν
573 4316 623 4371 ἐν
860 4321 977 4377 τοῖς
1036 4318 1341 4391 πράγμασι,
1401 4316 1491 4371 καὶ
1542 4312 1837 4393 φοϐοῦνται
1893 4317 2067 4393 κρίσιν

416 4406 682 4480 γενέσθαι,
746 4406 820 4479 μὴ
886 4404 1194 4482 ἐλεγχθῶσι
1256 4412 1380 4480 παρ’
1426 4408 1586 4479 ἡμῶν
1650 4407 1744 4479 μὲν
1805 4408 2067 4483 συκοφάν-

414 4514 542 4565 ται,
588 4496 735 4570 παρά
778 4492 836 4549 δὲ
880 4498 988 4548 τῶν
1038 4493 1340 4549 ἐπλάσαντο
1378 4494 1700 4569 κατηγόρων
1729 4539 1743 4564 ,
1793 4496 1868 4557 ὡς
1920 4495 2071 4550 αὐτοὶ

416 4584 592 4639 πάντα
621 4580 989 4645 ὑποϐαλόντες
1034 4585 1169 4657 (69),
1210 4584 1300 4638 καὶ
1339 4585 1406 4638 τὰ
1458 4589 1683 4638 τοιαῦτα
1743 4586 2070 4658 μηχανησά-

423 4693 577 4747 μενοι
614 4692 627 4703 ⁹

416 4760 623 4834 θόντες,
658 4760 978 4836 νομίσαντες
1027 4759 1167 4835 μηδὲ
1206 4764 1355 4835 ἡμᾶς
1401 4763 1633 4833 ἀπαντᾷν
1676 4761 1752 4824 ὠς
1793 4758 2067 4840 φοϐουμέ-

417 4870 545 4913 νους
579 4870 592 4883 ’
637 4850 711 4906 ὡς
776 4851 1045 4928 ἑωράκασι
1086 4850 1175 4905 καὶ
1222 4852 1322 4921 τὴν
1364 4853 1524 4925 ἡμῶν
1565 4850 1895 4927 προθυμίαν,
1940 4853 2071 4908 ἀπο-

416 4938 692 4994 κλείουσιν
767 4939 989 5002 έαυτοὺς
1062 4938 1113 4995 ἐν
1182 4944 1263 4994 τῶ
1338 4938 1594 5013 παλατίῳ
1675 4941 1778 5017 γὰρ
1859 4940 2069 5013 ᾢκουν.

489 5058 534 5093 δ”
565 5062 734 5115 Prov.
767 5073 834 5127 11,
865 5060 953 5115 83.

492 5172 587 5242 (63
634 5173 762 5229 Haec
806 5172 950 5229 item
999 5177 1352 5229 enarrantur
1397 5174 1456 5228 in
1510 5173 1628 5229 Vita
1676 5176 1922 5242 Antonii,
1972 5179 2073 5234 sed

423 5260 559 5318 cum
588 5259 705 5318 non
739 5243 903 5318 nulla
932 5244 1347 5318 discrepantia.
1383 5245 1468 5300 Ibi
1495 5245 1733 5302 videsis.

526 5317 619 5388 64)
652 5312 1095 5388 Ηθεηδύνανται.

526 5318 619 5388 64)
652 5318 1095 5388 Ηθεηδύνανται.

500 5318 833 5461 (65)_Beg.,
883 5386 1105 5460 κόμιτα,
1154 5405 1348 5461 prima
1405 5404 1623 5457 manu;
1656 5390 1934 5458 secunda,
1984 5390 2076 5445 κὸ-

429 5434 614 5531 μηὶέοἵ
638 5434 787 5516 tibi?
797 5434 1378 5535 hééfiilt—éiﬁl
1405 5434 1583 5517 ὶὶὲἷεῖ
1610 5434 1834 5531 ’ἐᾶἷιῖῖ
1843 5434 2073 5537 Rha-

427 5550 565 5587 σιον.

497 5601 611 5683 (66)
645 5601 811 5680 Reg,
843 5602 927 5669 οἷς
957 5601 1069 5664 ἐάν.

2171 3358 2302 3396 rum
2334 3344 2591 3413 potentia
2641 3348 2891 3400 acturos.
2924 3346 3003 3400 Eo
3034 3344 3191 3400 enim
3225 3346 3398 3401 modo
3431 3362 3497 3402 ac
3528 3347 3822 3417 ejusmodi

2169 3430 2622 3502 opitulatoribus
2642 3433 2895 3505 subnixi,
2922 3450 3047 3489 sese
3080 3434 3294 3505 quibus
3323 3433 3498 3488 libuit
3526 3434 3819 3491 terribiles

2169 3518 2500 3590 exhibuere,
2533 3539 2599 3577 ac
2630 3522 2845 3593 quibus
2876 3521 3098 3594 placuit
3126 3522 3391 3578 insidiati
3422 3527 3581 3578 sunt.
3614 3525 3686 3578 At
3715 3524 3819 3580 ubi

2173 3609 2515 3664 accedentes
2546 3611 2920 3665 adverterunt
2968 3611 3433 3667 ecclesiasticum
3464 3612 3546 3667 ibi
3576 3612 3697 3668 fore
3722 3614 3822 3683 ju-

2173 3695 2389 3753 dicium
2436 3698 2657 3770 absque
2705 3700 2918 3755 comite
2947 3699 3037 3755 vel
3079 3699 3365 3756 militibus
3401 3717 3413 3755 :
3448 3701 3548 3755 ubi
3601 3718 3671 3756 ex
3696 3701 3825 3757 sin-

2172 3786 2328 3859 gulis
2377 3787 2650 3843 Ecclesiis
2702 3788 3065 3860 urbibusque
3111 3793 3481 3845 accusatores
3530 3790 3822 3858 viderunt,

2175 3893 2305 3932 cum
2338 3877 2557 3947 paratis
2592 3879 2899 3934 adversum
2946 3895 3007 3935 se
3040 3878 3410 3935 documentis
3444 3896 3456 3934 :
3494 3879 3593 3934 ubi
3624 3879 3825 3935 Arium

2175 3970 2607 4037 conspexerunt
2634 3971 2690 4022 et
2735 3967 3052 4034 Asterium,
3083 3966 3442 4023 venerabiles
3498 3968 3823 4041 episcopos,

2176 4055 2297 4127 qui,
2332 4072 2467 4110 cum
2499 4072 2699 4111 secum
2744 4057 3150 4125 accessissent,
3184 4075 3218 4113 a
3246 4073 3308 4113 se
3337 4063 3721 4125 recesserant,
3755 4058 3827 4113 ad

2178 4148 2491 4216 partesque
2543 4150 2774 4201 nostras
2822 4162 2884 4201 se
2937 4144 3324 4217 contulerant,
3358 4146 3577 4219 quique
3625 4163 3826 4203 eorum

2178 4234 2463 4288 vafritiem
2512 4235 2865 4290 enarrabant
2897 4253 2909 4303 ;
2946 4240 3234 4306 quantum
3285 4234 3507 4291 scilicet
3554 4235 3614 4290 in
3644 4235 3826 4307 gestis

2180 4322 2304 4377 suis
2334 4324 2486 4378 279
2542 4323 2801 4394 suspecti
2846 4328 3065 4389 essent,
3100 4340 3278 4396 quam
3322 4324 3597 4379 timerent
3635 4322 3721 4377 illi
3755 4340 3828 4378 ne

2172 4410 2464 4481 judicium
2498 4412 2765 4478 ferretur,
2790 4427 2929 4468 neve
2961 4429 2994 4467 a
3024 4412 3193 4469 nobis
3222 4411 3594 4484 sycophantae
3625 4412 3828 4483 depre-

2181 4499 2594 4566 henderentur,
2631 4500 2703 4554 ab
2749 4499 2939 4572 iisque
2970 4517 3119 4572 quos
3163 4502 3557 4557 subornarant
3588 4517 3829 4557 accusa-

2180 4587 2407 4643 toribus
2436 4587 2838 4659 proderentur,
2873 4588 3028 4658 quod
3064 4587 3177 4659 ipsi
3210 4586 3430 4643 scilicet
3459 4587 3660 4643 omnia
3690 4603 3830 4659 sug-

672 4676 841 4728 ταῦτα
893 4677 1249 4748 συνορῶντες,
1288 4671 1465 4727 καίτοι
1511 4674 1646 4746 μετά
1694 4670 1934 4742 σπουδῆς
1988 4671 2072 4728 ἐλ-

2186 4676 2522 4749 gessissent,
2574 4676 2983 4748 ejusmodique
3037 4693 3131 4732 res
3188 4675 3377 4731 moliti
3424 4680 3660 4744 essent;
3706 4675 3830 4730 haec

2181 4767 2731 4835 animadvertentes,
2780 4766 3015 4822 tametsi
3059 4765 3237 4821 alacri
3286 4765 3484 4821 animo
3520 4765 3718 4821 isthuc
3768 4779 3831 4820 se

2182 4855 2571 4925 contulerant,
2604 4854 2716 4910 rati
2766 4872 2870 4911 nos
2902 4872 3018 4927 pra:
3064 4855 3379 4910 formidine
3421 4855 3514 4911 sui
3544 4870 3615 4909 ne
3662 4869 3831 4909 acce-

2183 4946 2319 5002 dere
2366 4946 2604 5017 quidem
2660 4961 2908 5001 ausuros
2950 4961 2962 5000 :
3005 4945 3107 5001 ubi
3155 4944 3433 5001 ﬁduciam
3478 4958 3832 5016 conspexere

2254 5177 2546 5259 (67)_i-_Iaec,
2580 5174 2759 5259 χωρὶς
2783 5172 3046 5259 ῇκόμιτοςί
3065 5175 3163 5259 καὶ,
3182 5177 3550 5258 στρατιωτῶν,
3611 5174 3834 5259 desunt

2185 5246 2488 5319 in'editis,
2524 5246 2623 5303 sed
2671 5246 2731 5320 in
2783 5246 2921 5320 Reg.
2955 5246 3264 5320 habentur,
3297 5248 3357 5302 in
3412 5264 3525 5319 quo
3574 5246 3836 5320 secunda

2188 5338 2365 5378 manu
2396 5316 2610 5392 legitur
2656 5316 2921 5392 κόμητοξ,
2941 5320 3149 5392 prima
3176 5316 3516 5392 κόμιτοςξθι
3541 5316 3645 5392 sic
3674 5316 3834 5392 infra

2186 5398 2245 5450 et
2275 5392 2421 5449 alias
2452 5387 2700 5465 semper.
2727 5387 2834 5457 Qui
2862 5387 3258 5465 inriguam:
3278 5387 3513 5465 dicitur,
3540 5387 3833 5446 Macarius

2187 5468 2429 5522 vocatur
2458 5464 2517 5518 in
2546 5461 2852 5536 postrema,
2870 5461 3197 5536 Sardicensi
3225 5461 3491 5536 epistola.

2280 5536 2372 5607 68)
2404 5536 2499 5591 Sic
2530 5534 2664 5607 Reg.
2698 5534 2762 5590 In
2792 5535 2965 5591 editis
2994 5552 3128 5591 vero
3155 5534 3209 5587 ἓν
3245 5534 3423 5591 deest.

2259 5537 2374 5691 (99)
2405 5606 2490 5668 Ita
2520 5607 2661 5683 Reg.
2695 5606 2865 5685 Editi,
2900 5600 3329 5675 ὑποϐάλλοντες.

2282 5600 2374 5681 99)
2405 5606 2490 5668 Ita
2520 5600 2661 5683 Reg.
2695 5606 2865 5685 Editi,
2900 5600 3329 5675 ὑποϐάλλοντες.
