4132 6402
210 286 322 387 ἰιι

745 329 813 391 S.
861 327 1291 391 ATHANASII
1334 328 1510 390 OPP.
1556 327 1762 389 PARS
1806 322 1857 387 Ι.
1889 357 1967 371 -
1996 322 2424 387 HISTORICA
2466 322 2565 386 ET
2606 317 3092 385 DOGMATIGA.

3505 298 3627 376 ’119

211 463 495 533 nostram,
526 477 656 519 sese
702 461 1014 519 recludunt
1036 462 1194 518 intra
1230 459 1676 534 palatium,illic
1707 458 1865 516 enim

2001 454 2085 510 ἰαὶ
2137 452 2331 510 λοιπὸν
2374 451 2650 526 ἀλλήλοις
2699 449 3026 508 συνελάλουν
3057 468 3070 507 :
3102 445 3378 522 ’Ἠλθομεν
3426 443 3507 502 ἐπ’
3535 443 3632 501 ἀλ-

214 546 577 607 habitabant.
608 551 759 608 Tum
789 552 1036 609 invicem
1068 551 1551 625 colloquebantur
1582 568 1597 605 :
1630 550 1718 605 Ad
1750 548 1867 606 alia

2001 566 2118 616 .οις,
2148 544 2239 600 καὶ
2285 541 2432 599 ἄλλα
2484 541 2759 620 βλέπομεν
2793 561 2806 574 ⁸
2837 540 3221 613 ἀπηντήσαμεν
3274 537 3409 611 μετὰ
3452 535 3632 610 κομή-

212 636 503 710 venimus,
526 638 643 697 alia
672 642 1069 714 conspicimus
1095 641 1486 698 :accessimus
1518 656 1652 695 cum
1687 638 1866 695 comi-

213 725 254 779 ti
263 726 466 794 bus,et
486 728 709 803 absque
735 730 1047 787 comitibus
1062 730 1353 802 judicium
1375 729 1675 798 redditur;
1700 728 1867 783 dam-

1971 638 2098 706 τῶν,
2139 633 2229 689 καὶ
2278 633 2455 712 χωρὶς
2486 636 2747 707 κομήτων
2789 634 2825 701 ἡ
2875 628 3049 705 κρίσις
3092 628 3294 703 γίνεται
3331 645 3345 658 ⁸
3375 645 3632 704 κατακρι-

1973 722 2173 797 νόμεθα
2228 724 2438 785 πάντως
2475 764 2487 777 .
2548 719 2741 778 Οἴδατε
2814 720 3006 782 πάντες
3061 718 3130 773 τὰ
3192 715 3637 791 προστάγματα*

214 814 494 873 nabimur
521 817 679 874 haud
710 819 905 876 dubie.
937 820 1136 876 Nostis
1166 835 1371 875 omnes
1404 834 1672 891 quaenam
1701 818 1873 889 jussa

2001 810 2196 890 ἷχουσιν
2228 812 2439 888 οἱπερὶ
2496 812 2806 869 Ἀθανάσιον
2860 811 2929 864 τὰ
2985 806 3037 863 έν
3090 810 3171 879 τῷ
3199 806 3465 883 Μαρεώτῃ
3506 804 3636 891 ὑπο-

214 902 434 960 tuerint
462 920 477 963 :
510 906 687 963 habet
734 908 1096 965 Athanasius
1128 924 1323 964 rerum
1376 908 1435 962 in
1487 906 1743 963 Mareote
1770 922 1869 979 ge-

217 995 443 1050 starum
473 1002 875 1067 monumenta,
909 998 1125 1070 quibus
1157 997 1252 1058 ille
1282 1000 1589 1070 purgatur,
1623 1013 1730 1052 nos
1770 996 1870 1050 de-

218 1081 423 1139 decore
452 1084 763 1143 afﬁcimur.
796 1086 945 1152 Quid
978 1104 1279 1143 moramur
1300 1086 1329 1140 ?
1359 1085 1498 1157 quid
1530 1100 1873 1157 comperen-

219 1170 496 1229 dinamur
514 1175 543 1230 ‘I
572 1191 780 1233 causas
812 1176 1334 1233 comminiscamur
1354 1175 1426 1231 ad
1456 1174 1871 1240 secedendum,

1984 888 2263 977 ματα,
2318 901 2370 971 ἐξ
2428 902 2501 955 ὧν
2560 899 2719 962 αὐτὸς
2784 899 2879 973 μὲν
2935 895 3299 973 καθαρίζεται,
3351 896 3518 968 ¹ἡμεῖς
3577 888 3637 948 δὲ

1977 991 2467 1069 καταισχυνόμεθα.
2529 988 2590 1044 Υί
2635 987 2700 1058 δὴ
2758 986 2849 1043 οὖν
2901 984 3181 1062 μέλλομεν
3213 1003 3227 1054 ;
3258 983 3320 1039 Τί
3374 980 3634 1059 βραδύνο-

1986 1102 2077 1156 μεν
2131 1099 2144 1149 ;
2208 1078 2545 1153 πλασώμεθα
2592 1078 2888 1157 προφάσεις
2923 1122 2937 1149 ,
2994 1075 3084 1131 καὶ
3141 1071 3492 1146 ἀπέλθωμεν,
3556 1072 3634 1148 μὴ

1990 1172 2237 1245 μένοντες
2267 1170 2695 1244 κατακριθῶμεν·
2757 1164 2979 1222 Βέλτιον
3031 1163 3323 1243 φεύγοντας
3364 1160 3635 1239 ἐρυθριᾷν,

220 1274 294 1317 ne
322 1260 418 1318 hic
462 1269 770 1322 manentes
818 1267 1189 1322 damnamur.
1222 1264 1418 1320 Satius
1464 1266 1555 1320 est
1583 1263 1873 1335 fugientes

2001 1262 2018 1329 Ξ
2094 1257 2448 1336 ἐλεγχθέντας
2536 1256 2865 1335 συκοφάντας
2952 1250 3396 1330 καταισχύνεσθαι
3479 1252 3635 1326 (70).

221 1352 581 1418 erubescere,
616 1370 795 1426 quam
846 1354 1241 1428 sycophantas
1293 1352 1690 1426 deprehensos
1719 1350 1873 1406 afﬁci

1984 1350 2107 1404 Ἐὰν
2183 1347 2441 1426 φύγωμεν
2475 1393 2489 1419 ,
2550 1342 2819 1419 δυνάμεθὰ
2888 1364 3007 1406 πως
3073 1341 3169 1397 κᾶν
3243 1345 3345 1411 τῆς
3379 1339 3638 1415 αἱρέσεως

223 1441 463 1512 pudore.
494 1441 551 1498 Si
580 1442 902 1516 fugiamus,
926 1442 1323 1515 qualicunque
1354 1442 1526 1497 modo
1557 1456 1876 1513 possumus

2001 1435 2331 1514 προίστασθαι
2369 1456 2380 1467 ·
2413 1434 2499 1491 ἐὰν
2547 1432 2605 1490 δὲ
2645 1436 2755 1509 (7-1)
2783 1432 2873 1489 καὶ
2932 1431 3227 1508 φεύγοντας
3280 1432 3431 1504 ἡμᾶς
3479 1449 3644 1485 κατα-

222 1529 431 1587 haeresi
462 1532 817 1603 patrocinari
849 1548 863 1589 :
897 1533 1051 1605 quod
1084 1533 1132 1587 si
1167 1549 1275 1588 nos
1304 1531 1598 1605 fugientes
1628 1531 1876 1586 damna-

1982 1527 2253 1603 κρίνωσιν,
2305 1524 2432 1580 ἀλλ’
2492 1520 2694 1601 ἔχομεν
2749 1520 2972 1598 βασιλέα
3021 1520 3330 1597 προστάτην
3366 1519 3500 1590 ,τὸν
3561 1520 3639 1593 μὴ

224 1618 365 1689 rint,
395 1618 555 1675 haud
586 1620 771 1677 deerit
810 1625 1117 1694 patronus,
1149 1620 1470 1693 imperator
1499 1619 1739 1686 scilicet,
1774 1616 1877 1690 qui

2001 1617 2203 1695 ἱφιέντα
2240 1617 2389 1690 ἡμᾶς
2443 1615 2546 1670 ὑπὸ
2601 1617 2707 1669 τῶν
2765 1610 2911 1668 λαῶν
2968 1605 3327 1683 ἐκϐάλλεσθαι
3386 1608 3493 1664 ἀπὸ
3534 1611 3645 1665 τῶν

225 1724 342 1764 non
372 1709 527 1765 sinet
555 1725 664 1766 nos
694 1728 763 1766 ex
785 1711 1061 1767 Ec‘clesiis
1090 1728 1125 1767 a
1154 1709 1389 1784 populis
1420 1707 1731 1766 exturbari.

299 1798 385 1854 16.
434 1797 553 1854 Hoc
581 1798 669 1854 illi
715 1801 886 1856 modo
934 1799 1181 1856 invicem
1228 1799 1729 1872 colloquebantur.
1764 1796 1877 1852 Ho-

227 1886 352 1943 sius
379 1903 515 1943 vero
546 1888 853 1961 czeterique
883 1905 1086 1946 omnes
1116 1888 1395 1961 episcopi,
1419 1887 1783 1960 frequentius
1806 1886 1879 1943 il-

226 1976 299 2031 lis
329 1975 631 2033 Athanasii
671 1981 728 2033 et
775 1977 1067 2034 sociorum
1116 1977 1397 2034 ﬁduciam
1445 1976 1878 2051 signiﬁcabant,

230 2066 263 2120 d
273 2064 721 2138 eclarabantque
736 2083 913 2140 quam
927 2066 1113 2139 parati
1129 2066 1214 2122 illi
1233 2070 1431 2123 essent
1442 2066 1515 2122 ad
1537 2064 1883 2138 depellenda

231 2153 498 2222 crimina,
531 2156 938 2228 promittentes
989 2173 1051 2212 se
1093 2156 1444 2228 probaturos
1491 2155 1882 2228 sycophantas

228 2240 363 2301 illos
391 2258 539 2301 esse.
569 2243 817 2300 Aiebant
844 2244 983 2301 item
1008 2263 1021 2301 :
1047 2244 1416 2317 Sijudicium
1444 2241 1879 2317 pertimescitis,

231 2349 338 2389 cur
362 2331 693 2389 accessistis
712 2333 741 2388 ‘I
769 2333 1029 2406 oportuit
1058 2335 1215 2389 enim
1260 2337 1363 2390 aut
1394 2350 1511 2389 non
1543 2332 1880 2399 accessisse,

233 2425 335 2478 aut
384 2424 701 2495 postquam
750 2422 996 2479 venistis
1040 2439 1155 2479 non
1204 2423 1502 2494 aufugere.
1536 2421 1636 2477 His
1667 2420 1884 2477 auditis

233 2511 340 2579 illi,
389 2510 639 2585 graviori
681 2511 933 2584 perculsi
984 2516 1222 2584 terrore,
1275 2528 1411 2567 cum
1451 2510 1882 2578 absurdiorem,

235 2617 415 2674 quam
436 2602 662 2657 dudum
682 2600 1025 2671 Antiochiae,
1054 2601 1395 2657 attulissent
1415 2599 1883 2668 excusationem;

238 2690 396 2763 quod
425 2690 649 2746 scilicet
676 2689 823 2762 ipsis
844 2690 1166 2763 imperator
1194 2689 1405 2746 litteris
1435 2689 1559 2746 suis
1583 2688 1886 2745 victoriam

241 2780 315 2835 de
346 2779 537 2836 Persis
556 2782 914 2852 reportatam
947 2778 1357 2851 signiﬁcasset,
1382 2778 1583 2851 fugam
1606 2778 1885 2835 fecerunt.

239 2866 664 2940 Ejusmodique
711 2867 1145 2923 excusationem
1177 2866 1322 2923 citra
1369 2866 1559 2922 ullum
1603 2867 1889 2939 pudorem

240 2956 535 3012 miserunt
562 2973 667 3029 per
686 2955 1059 3012 Eustathium
1083 2954 1449 3012 Sardicensis
1470 2954 1739 3012 Ecclesiae
1767 2971 1892 3028 pre-

243 3046 568 3118 sbyterum.
599 3043 817 3100 Verum
849 3061 922 3101 ne
960 3044 1042 3101 ita
1072 3044 1313 3117 quidem
1343 3042 1462 3099 illis
1494 3044 1633 3116 fuga
1660 3060 1731 3099 ex
1759 3060 1890 3099 sen-

1986 1703 2347 1776 Ἐκκλησιῶν.

2062 1797 2145 1851 16.
2200 1796 2433 1849 Τοιαῦτα
2489 1793 2583 1866 μὲν
2636 1791 2725 1846 οὗν
2782 1793 2899 1865 (72)
2956 1789 3146 1846 ἐκεῖνοι
3213 1785 3583 1864 διελογίζοντο
3625 1805 3641 1820 ⁸

1988 1887 2171 1946 ’Ὀσιος
2205 1881 2262 1938 δὲ
2309 1885 2398 1937 καί
2448 1882 2501 1936 οἱ
2551 1878 2718 1936 ἄλλοι
2763 1881 2956 1943 πάντες
2988 1879 3276 1935 ἐπίσκοποι
3321 1877 3647 1954 πυκνότερον

1989 1973 2172 2035 αὐτοῖς
2232 1971 2520 2046 ἐσήμαινον
2563 1972 2663 2040 τὴν
2718 1967 3023 2043 προθυμίαν
3076 1972 3183 2025 τῶν
3241 1967 3368 2043 περὶ
3424 1966 3646 2024 ’Δθανά-

1993 2084 2129 2133 σιον,
2157 2062 2248 2116 καὶ
2298 2061 2373 2123 ὡς
2426 2056 2642 2133 ἕτοιμοι
2672 2059 2808 2134 πρὸς
2840 2055 3145 2134 ἀπολογίαν
3183 2056 3333 2131 εἰσὶν,
3380 2053 3649 2132 ἐπαγγελ-

1992 2151 2215 2226 λόμενοι
2248 2148 2560 2226 διελέγχειν
2611 2149 2753 2222 ὗμᾶο
2800 2148 3131 2227 συκοφάντας
3168 2165 3181 2180 ’
3206 2144 3395 2222 ἔλεγόν
3442 2168 3504 2203 τε
3535 2165 3548 2178 ·
3579 2147 3648 2203 Εἰ

1992 2236 2241 2320 φοϐεῖσθε
2288 2240 2386 2310 τὴν
2435 2238 2638 2316 κρίσιν,
2686 2238 2739 2293 τί
2790 2237 3109 2308 ἀπηντᾶτε;
3152 2233 3261 2292 ἔδει
3307 2236 3412 2314 γὰρ
3471 2237 3508 2307 ἢ
3570 2237 3646 2311 μὴ

1993 2329 2166 2386 ἐλθεῖν
2203 2373 2217 2399 ,
2273 2330 2309 2400 ἢ
2370 2327 2625 2390 ἐλθόντας
2707 2329 2781 2402 μὴ
2861 2325 3074 2407 φεύγειν
3111 2370 3125 2384 .
3180 2330 3410 2382 Ἐκεῖνοι
3483 2329 3654 2383 ταῦτα

1995 2419 2304 2489 ἀκούοντες,
2352 2417 2444 2473 καὶ
2494 2415 2710 2492 μᾶλλον
2759 2413 3224 2489 καταπλήξαντες,
3280 2416 3653 2494 ἀπρεπεστέρᾳ

1992 2516 2094 2579 τῆς
2126 2508 2178 2565 ἐν
2231 2508 2545 2584 Ἀντιοχείᾳ
2590 2507 2918 2586 προφάσεως
2968 2503 3115 2581 ἄλλῃ
3141 2507 3410 2584 προφάσει
3437 2506 3652 2582 χρησά-

2000 2619 2173 2673 μενοι,
2233 2598 2307 2660 ὡς
2372 2594 2645 2674 βασιλέως
2703 2594 2887 2659 αὐτοῖς
2948 2594 3185 2651 ἐπινίκια
3237 2596 3375 2651 κατά
3428 2597 3650 2673 Περσῶν

1995 2689 2308 2764 γράψαντος
2340 2734 2356 2761 ,
2418 2684 2777 2762 ἐπεχείρησαν
2838 2683 3086 2764 φεύγειν.
3136 2684 3237 2740 Καὶ
3291 2684 3493 2756 ταύτην
3549 2684 3651 2754 τὴν

1996 2776 2264 2855 πρόφασιν
2324 2775 2424 2831 οὐκ
2482 2772 2811 2838 αἰδεσθέντες
2888 2771 3132 2849 ἔπεμψαν
3208 2771 3278 2829 δι’
3346 2771 3653 2847 Εύσταθίου

1996 2860 2367 2941 πρεσϐυτέρου
2424 2870 2528 2935 τῆς
2582 2865 2719 2919 κατὰ
2768 2859 3041 2939 Σαρδικήν
3090 2860 3435 2937 Ἐκκλησίας.
3490 2858 3653 2917 Ἀλλ’

2000 2952 2124 3011 οὐδὲ
2155 2952 2328 3017 οὕτως
2362 2952 2548 3016 αὐτοῖς
2579 2955 2615 3024 ἡ
2669 2954 2814 3031 φυγὴ
2872 2952 3218 3027 καταθυμίως
3278 2946 3454 3022 ἀπέϐη

2000 3043 2155 3107 εὐθὺς
2179 3045 2282 3121 γὰρ
2312 3046 2348 3114 ἡ
2402 3043 2532 3118 ἁγία
2576 3040 2821 3115 σύνοδος,
2871 3045 2940 3113 ἧς
2989 3044 3307 3120 προήγορος
3351 3041 3417 3111 ἦν
3468 3042 3498 3096 ὁ
3552 3039 3649 3116 μέ-

240 3135 426 3191 tentia
454 3134 634 3190 cessit
667 3150 680 3189 :
715 3133 914 3189 statim
946 3149 1206 3205 namque
1232 3149 1398 3189 sacra
1428 3132 1687 3206 synodus
1719 3132 1887 3203 cujus

2001 3154 2102 3209 γας
2164 3135 2371 3205 Ὃσιος,
2429 3130 2660 3209 ἔγραψεν
2718 3132 2903 3196 αὐτοῖς
2962 3135 3208 3211 φανερῶς
3265 3149 3279 3162 ·
3321 3130 3356 3200 ἢ
3413 3131 3653 3203 ἀπαντή-

244 3238 459 3297 praases
488 3226 613 3279 erat
634 3238 887 3295 magnus
907 3221 1145 3289 Hosius,
1167 3221 1291 3278 haec
1321 3226 1519 3294 aperte
1547 3220 1665 3277 illis
1687 3219 1887 3277 rescri-

2009 3243 2135 3278 σατε
2191 3219 2675 3297 ἀπολογησόμενοι
2730 3221 2869 3299 πρὸς
2924 3209 3022 3284 τὰς
3093 3220 3486 3300 ἐπιφερομένας
3540 3212 3661 3275 καθ’

246 3313 363 3386 psit
381 3330 394 3368 :
409 3314 521 3368 Aut
540 3312 825 3368 occurrite
849 3327 953 3368 vos
969 3310 1276 3384 purgaturi
1304 3311 1377 3366 de
1402 3311 1618 3382 quibus
1640 3308 1896 3366 accusati

248 3401 413 3470 estis,
445 3401 633 3472 deque
662 3399 977 3457 calumniis
1031 3417 1177 3473 quas
1209 3399 1527 3468 struxistis,
1558 3402 1661 3455 aut
1689 3402 1895 3455 notum

189 3483 195 3487 ’
246 3491 324 3547 sit
352 3489 537 3561 vobis,
569 3493 637 3545 ut
664 3488 868 3545 noxios
903 3506 937 3545 a
965 3489 1187 3562 synodo
1214 3505 1317 3544 vos
1348 3505 1478 3545 esse
1508 3489 1895 3555 damnandos,

242 3578 629 3636 Athanasium
677 3594 811 3634 vero
860 3582 919 3634 et
960 3578 1150 3634 socios
1195 3577 1459 3634 insontes
1491 3577 1563 3633 ab
1619 3577 1896 3648 omnique

245 3667 492 3725 crimine
512 3683 690 3741 puros
712 3665 1116 3725 declarandos.
1133 3670 1210 3723 At
1232 3665 1320 3722 illi
1343 3666 1709 3723 conscientiae
1737 3670 1895 3722 metu

246 3757 523 3824 exterriti,
556 3756 745 3831 magis
770 3757 843 3813 ad
868 3756 1069 3829 fugam
1094 3755 1567 3829 impellebantur,
1594 3773 1772 3828 quam
1798 3753 1895 3811 lit-

242 3847 386 3905 teris
438 3847 914 3920 obtemperarent
946 3862 958 3902 :
993 3862 1127 3902 cum
1157 3845 1315 3901 enim
1367 3845 1526 3901 viros
1552 3862 1586 3903 a
1636 3862 1699 3901 se
1728 3844 1896 3900 laesos

243 3952 440 3993 coram
462 3935 891 4009 conspicerent,
913 3952 987 3991 ne
1008 3949 1287 3991 converso
1313 3934 1554 4007 quidem
1584 3934 1657 3990 ad
1676 3932 1898 4005 legatos

238 4025 405 4082 vultu
433 4024 693 4081 velocius
723 4024 1049 4097 fugiebant.

314 4114 401 4171 17.
434 4114 523 4170 Ita
548 4112 730 4187 igitur
755 4112 843 4168 illi
889 4112 1142 4187 turpiter
1170 4117 1228 4169 et
1271 4112 1544 4169 indecore
1591 4112 1792 4185 fugam
1823 4111 1898 4167 fe-

242 4220 390 4262 cere.
422 4202 600 4260 Sacra
625 4218 760 4259 vero
792 4202 1074 4275 synodus,
1105 4218 1174 4259 ex
1202 4202 1336 4275 plus
1366 4201 1609 4275 triginta
1639 4201 1896 4273 quinque

242 4292 557 4368 provinciis
585 4295 804 4358 coacta,
823 4291 1230 4349 animadversa
1256 4293 1609 4347 Arianorum
1630 4289 1899 4362 maligni-

241 4386 380 4452 tate,
410 4381 797 4439 Athanasium
845 4379 1150 4453 sociosque
1197 4380 1456 4449 admisit,
1487 4384 1553 4435 ut
1599 4395 1728 4436 sese
1757 4395 1896 4451 pur-

247 4472 539 4547 garentde
568 4470 760 4528 allatis
778 4470 1313 4539 criminationibus,
1328 4486 1582 4543 quarum
1610 4486 1790 4525 causa
1812 4472 1899 4524 tot

246 4560 479 4616 fuerant
502 4559 941 4615 calamitatibus
962 4558 1181 4615 afflicti.
1208 4558 1525 4631 Postquam
1553 4565 1747 4615 autem
1763 4556 1896 4613 illas
1927 4581 1975 4646 Β

248 4648 615 4721 depulissent
634 4664 699 4704 eo
722 4665 838 4720 quo
864 4664 1045 4719 supra
1068 4646 1380 4703 retulimus
1400 4648 1596 4716 modo,
1621 4664 1655 4704 a
1674 4646 1896 4719 synodo

164 4791 179 4802 ,
247 4737 494 4796 admissi
525 4753 591 4792 ac
614 4753 861 4792 summae
879 4736 1251 4793 admirationi
1275 4735 1461 4792 habiti
1491 4740 1649 4806 sunt,
1666 4736 1808 4793 adeo
1831 4739 1900 4792 ut

247 4843 450 4883 eorum
500 4827 974 4882 communionem
1024 4824 1518 4899 amplecterentur
1550 4842 1563 4881 :
1598 4843 1665 4882 ac
1695 4825 1896 4882 missis

248 4914 920 4988 ubiquelitteris,missis
946 4914 1084 4971 item
1107 4915 1167 4969 in
1200 4931 1684 4989 unamquamque
1704 4932 1897 4987 parce-

248 5006 421 5073 ciam,
449 5003 821 5076 maximeque
840 5002 1272 5073 Alexandriam,
1297 5003 1356 5058 in
1387 5004 1719 5077 Egyptum,
1750 5008 1808 5060 et
1836 5005 1897 5060 in

247 5095 478 5167 Libyas,
531 5092 921 5148 Athanasium
968 5096 1027 5147 et
1081 5092 1293 5162 socios,
1351 5110 1531 5165 puros
1587 5093 1897 5167 omnisque

247 5182 515 5241 criminis
564 5185 831 5253 expertes
880 5195 1031 5247 esse,
1063 5180 1485 5238 declararunt:
1533 5181 1898 5238 adversarios

148 5284 153 5291 ‘
246 5277 442 5330 autem
480 5271 742 5340 illorum,
770 5269 1184 5342 sycophantas,
1214 5270 1597 5341 facinorosos,
1631 5287 1698 5326 ac
1727 5271 1898 5342 quid-

248 5363 336 5420 vis
365 5362 561 5436 potius
591 5375 770 5434 quam
800 5359 1182 5417 Christianos.
1219 5358 1352 5417 Illos
1382 5361 1564 5434 igitur
1592 5377 1727 5417 cum
1759 5376 1901 5434 pace

256 5610 292 5667 q
323 5524 435 5650 (7g)
465 5524 553 5649 Ita
604 5523 742 5596 Reg.
778 5519 949 5589 Editi,
981 5520 1407 5598 κατακρίνεσθαι.
1446 5521 1699 5594 Utraque
1729 5520 1901 5579 lectio

298 5610 372 5651 ua
417 5611 477 5650 ra
510 5634 524 5649 ο

326 5663 439 5747 (71)
470 5664 633 5739 Reg,
667 5659 726 5721 ἅν
748 5659 839 5724 ‘8t.

2008 3311 2162 3385 ύμῶν
2220 3309 2587 3388 κατηγορίας,
2644 3311 2734 3366 καὶ
2787 3310 2849 3373 ἃς
2907 3310 3226 3386 εἰργάσασθε
3280 3306 3663 3387 συκοφαντίας,

2006 3399 2040 3469 ἤ
2074 3399 2387 3474 γινώσκετε,
2440 3397 2525 3455 ὅτι
2577 3399 2717 3474 ὑμᾶς
2754 3399 2849 3473 μὲν
2882 3398 2958 3462 ὡς
3007 3397 3335 3461 ὑπευθύνους
3364 3399 3400 3469 ἡ
3436 3394 3664 3462 σύνοδος

2006 3488 2315 3566 κατακρίνει
2353 3509 2366 3520 ’
2395 3487 2524 3551 τοὺς
2573 3485 2632 3543 δὲ
2680 3487 2805 3563 περὶ
2846 3489 3159 3546 Ἀθανάσιον
3208 3484 3525 3564 ἐλευθέρους
3571 3485 3664 3543 καὶ

2005 3577 2273 3654 καθαροὺς
2332 3578 2437 3633 ἀπὸ
2493 3578 2673 3648 πάσης
2748 3577 2924 3641 αἰτίας
2983 3576 3364 3654 ἀποφαίνεται.
3432 3577 3666 3632 Ἐκεῖνοι

2005 3667 2184 3721 τοίνυν
2220 3667 2322 3722 ὑπὸ
2353 3662 2526 3746 φόϐου
2568 3670 2665 3721 τοῦ
2711 3664 3019 3729 συνειδότος
3067 3664 3373 3737 ἠλαύνοντο
3425 3663 3664 3741 μᾶλλον,

2006 3757 2041 3825 ἢ
2073 3760 2190 3819 τοῖς
2220 3758 2537 3832 γράμμασιν
2590 3754 2866 3812 ἐπείθοντο
2902 3777 2914 3791 ο
2946 3756 3037 3811 καὶ
3088 3757 3191 3832 γὰρ
3220 3753 3349 3818 τοὺς
3381 3750 3667 3826 ἀδικηθέν-

2004 3867 2099 3908 τας
2132 3848 2259 3923 παρ’
2292 3845 2465 3901 αὐτῶν
2527 3847 2784 3923 ὁρῶντες,
2847 3844 2972 3901 οὐδὲ
3027 3847 3163 3923 πρὸς
3220 3843 3348 3908 τούς
3402 3842 3667 3921 λέγοντας

2007 3934 2420 4014 ἐπεστρέφοντο,
2455 3931 2583 3991 ἀλλ’
2617 3933 2866 4012 ὀξύτερον
2902 3932 3149 4013 ἔφευγον.

2079 4114 2165 4169 17.
2197 4111 2449 4167 Ἐκείνων
2487 4112 2581 4187 μὲν
2615 4109 2705 4167 οὖν
2740 4110 2915 4175 οὕτως
2971 4111 3218 4190 αἰσχρῶς
3260 4110 3351 4167 καὶ
3407 4110 3666 4187 ἀπρεπῶς

2006 4202 2226 4278 γέγονεν
2258 4202 2293 4269 ἡ
2336 4202 2480 4279 φυγή
2514 4221 2527 4233 ’
2557 4203 2593 4273 ἡ
2644 4197 2704 4257 δὲ
2751 4202 2880 4278 ἁγία
2935 4199 3161 4264 σύνοδος
3207 4200 3243 4272 ἠ
3302 4199 3409 4256 ἀπὸ
3452 4197 3529 4255 λε’
3572 4197 3667 4255 καὶ

2005 4288 2173 4345 πλέον
2208 4288 2484 4366 ἐπαρχιῶν
2536 4290 2882 4367 συναχθεῖσα,
2931 4289 3228 4367 ἐπιγνοῦσα
3272 4290 3373 4360 τὴν
3420 4293 3530 4345 τῶν
3571 4289 3667 4347 Ἀ-

2007 4381 2233 4451 ρειανῶν
2289 4379 2653 4450 κακοήθειαν,
2714 4377 2927 4451 ἐδέξατο
2978 4378 3107 4442 τοὺς
3164 4378 3290 4453 περὶ
3348 4377 3666 4434 ’Δθανάσιον

2008 4466 2084 4530 εἰς
2117 4465 2418 4543 ἀπολογίαν
2471 4467 2596 4544 περὶ
2643 4469 2716 4523 ὧν
2768 4467 3086 4537 πεπόνθασι,
3135 4466 3377 4524 κάκεῖνοι
3420 4464 3666 4543 κατηγῶ

2009 4577 2177 4632 ρησαν
2208 4575 2221 4588 ο
2250 4556 2340 4612 καὶ
2398 4555 2573 4619 οὕτως
2631 4555 3181 4634 ἀπολογησαμένους,
3240 4557 3377 4631 ἅπερ
3437 4554 3488 4612 ἐν
3544 4558 3667 4619 τοῖς

2009 4640 2306 4723 ἔμπροσθεν
2368 4646 2661 4723 εἰρήκαμεν
2697 4692 2711 4719 ,
2773 4644 3073 4718 ἀπεδέξατο,
3124 4646 3215 4702 καὶ
3285 4644 3665 4722 ὑπερεθαύμα-

2007 4757 2116 4807 σεν,
2148 4734 2286 4790 ὥστε
2332 4734 2528 4798 αὐτοὺς
2583 4756 2644 4791 τε
2687 4735 2778 4791 καὶ
2824 4737 2924 4806 τήν
2973 4736 3261 4791 κοινωνίαν
3301 4734 3477 4791 αὐτῶν
3528 4734 3665 4810 ἀγα-

2006 4832 2197 4899 πῆσαι,
2227 4825 2317 4880 καὶ
2370 4826 2575 4901 γράψαι
2620 4830 2926 4901 πανταχοῦ,
2977 4827 3181 4901 γράψαι
3227 4846 3289 4882 τε
3330 4823 3423 4881 καὶ
3451 4823 3528 4888 εἰς
3557 4823 3663 4894 τὴν

2008 4914 2232 4971 ἑκάστου
2293 4913 2619 4990 παροικίαν,
2676 4914 2767 4970 καὶ
2827 4913 3064 4989 μάλιστα
3122 4914 3197 4979 εἰς
3254 4911 3666 4989 ’Δλεξάνδρειαν

2005 5004 2093 5059 καὶ
2122 5006 2224 5074 τὴν
2256 5002 2564 5080 Αἴγυπτον,
2625 5004 2715 5059 καὶ
2776 5004 2852 5067 εἰς
2909 5005 3007 5067 τὰς
3062 4998 3290 5075 Λιϐύας,
3352 5002 3666 5060 Ἀθανάσιον

2012 5094 2105 5168 μὶν
2135 5094 2225 5149 καὶ
2253 5096 2383 5156 τούς
2431 5093 2521 5149 σόν
2573 5092 2718 5166 αύτῷ
2746 5092 3014 5171 καθαροὺς
3051 5092 3143 5149 καὶ
3190 5094 3373 5165 πάσης
3408 5093 3669 5167 μέμψεως

2008 5183 2161 5245 ἐκτὸς
2185 5182 2340 5255 εἶναι,
2372 5182 2502 5244 τοὺς
2534 5179 2592 5237 δὲ
2636 5187 2753 5237 κατ’
2798 5181 2972 5238 αὐτῶν
3021 5182 3353 5258 γενομένους
3403 5180 3671 5258 συκοφάν-

2006 5292 2124 5342 τας,
2182 5271 2543 5346 κακούργους,
2600 5271 2692 5325 καὶ
2741 5271 2915 5326 πάντα
2965 5269 3179 5346 μᾶλλον
3224 5268 3263 5341 ἢ
3311 5266 3670 5346 Χριστιανοὺς

2007 5361 2317 5438 τυγχάνειν.
2380 5357 2684 5415 ’Δπέλυσαν
2749 5365 2879 5436 γοῦν
2940 5358 3136 5424 αύτούς
3213 5360 3328 5435 μετ’
3387 5359 3614 5435 εἰρήνης
3650 5374 3666 5390 ⁸

2080 5523 2196 5596 (72)
2229 5522 2323 5580 Sic
2344 5522 2794 5596 Beg._lneditis
2825 5520 2917 5596 οὖν
2954 5523 3137 5596 deest.

2046 5655 2051 5660 .
2080 5589 2195 5669 (73)
2227 5596 2311 5652 Ita
2342 5589 2482 5669 Reg.
2508 5593 2664 5653 Editi
2691 5610 2849 5665 vero,
2883 5589 3074 5669 ἐπέϐη.
