4132 6382
273 532 392 596 ’715

815 536 882 601 S.
925 535 1357 603 ATHANASII
1401 538 1572 604 OPP.
1620 537 1822 602 PARS
1865 539 1915 602 Ῑ.
1947 571 2025 623 -τ
2059 536 2482 602 HISTORICA
2523 535 2624 601 ET
2667 532 3148 600 DOGMATIGA.

3573 533 3696 599 ’716

276 672 704 746 Trajanopolis,
732 675 936 730 ambos
966 675 1223 731 Thraciae
1249 677 1573 748 episcopos,
1598 675 1930 748 probosque

2050 672 2130 726 τὸν
2207 671 2312 726 ἀπὸ
2389 677 2490 740 τῆς
2565 667 3051 745 Τραϊανουπόλεως
3093 713 3108 740 ,
3167 663 3510 746 ἀμφοτέρους
3589 667 3694 726 ἀπὸ

276 762 409 819 illos
441 767 500 819 et
531 763 882 821 orthodoxos
911 764 1089 832 viros,
1118 781 1250 821 cum
1285 765 1492 822 haeresi
1525 783 1643 820 suae
1667 765 1927 820 adverte-

279 856 410 908 rent
439 869 568 909 esse
598 853 1051 923 infensissimos,
1078 855 1416 910 calumniati
1451 859 1607 910 sunt.
1658 855 1724 909 Et
1781 854 1927 909 illud

275 941 468 1014 primo
499 947 737 1014 egerant
757 943 1301 1016 Eusebiani,eaque
1360 945 1430 1000 de
1489 960 1549 1000 re
1617 945 1932 1015 scripserat

277 1031 597 1103 imperator
625 1033 1005 1089 Constantius
1040 1050 1052 1087 :
1078 1035 1337 1090 secundo
1359 1034 1473 1106 ipsi
1497 1034 1827 1090 calumnias
1850 1051 1933 1089 re-

277 1120 709 1194 dintegrarunt.
740 1122 889 1178 Illud
921 1124 1119 1178 dutem
1151 1123 1354 1179 litterae
1386 1125 1668 1195 ferebant,
1705 1128 1770 1179 ut
1815 1141 1930 1180 non

282 1212 456 1266 modo
482 1211 595 1284 ipsi
626 1213 875 1269 urbibus
919 1214 1299 1288 ecclesiisque
1356 1215 1481 1272 suis
1525 1215 1882 1287 pellerentur
1917 1231 1928 1268 :

278 1301 380 1357 sed
414 1304 480 1356 ut
495 1301 728 1374 capitali
748 1320 939 1375 pcena,
967 1303 1155 1360 sicubi
1179 1307 1391 1378 reperti
1423 1305 1694 1374 fuissent,
1727 1304 1936 1377 plecte-

281 1396 500 1447 rentur.
537 1391 656 1448 Hoc
681 1397 880 1448 autem
902 1394 1133 1449 tametsi
1175 1396 1536 1466 stupendum
1567 1399 1676 1461 est,
1710 1411 1936 1466 nequa-

283 1496 460 1553 quam
493 1479 750 1537 alienum
783 1484 1069 1538 tamenab
1129 1500 1334 1539 eorum
1391 1485 1734 1556 proposito;
1798 1501 1934 1540 nam

279 1569 541 1642 idipsum
573 1587 708 1628 cum
739 1572 811 1628 ab
843 1573 1192 1629 Eusebianis
1222 1573 1937 1646 didicerint,haeredesque

283 1659 404 1715 sint
426 1659 665 1716 illorum
697 1660 1041 1733 impietatis,
1078 1666 1253 1734 atque
1287 1663 1566 1735 propositi
1598 1688 1610 1731 ;
1643 1667 1708 1718 ut
1742 1668 1937 1735 patres

281 1748 375 1806 sui
404 1749 464 1804 in
491 1749 759 1819 Thracia,
793 1750 878 1806 sic
907 1755 966 1807 et
990 1751 1074 1806 illi
1105 1751 1464 1808 Alexandriae
1499 1768 1626 1808 sese
1645 1753 1937 1809 terribiles

286 1838 559 1896 exhibere
589 1840 780 1895 conati
811 1845 984 1896 sunt:
1021 1841 1364 1914 litterasque
1394 1843 1777 1899 obtinuerunt
1806 1843 1936 1915 qui-

282 1929 395 1984 bus
419 1930 663 2000 jussum
694 1934 895 1986 eratut
919 1931 990 1986 ad
1012 1935 1216 2002 portus
1244 1934 1668 2004 ingressusque
1700 1933 1937 1988 urbium

284 2018 563 2074 custodiae
596 2010 930 2091 agerentur,
967 2037 1039 2076 ne
1069 2021 1106 2074 ii
1132 2022 1351 2093 quibus
1380 2021 1438 2077 id
1495 2037 1842 2078 concessum
1904 2041 1938 2078 a
1970 2055 2018 2120 B

284 2107 504 2180 synodo
536 2108 748 2177 fuerat,
781 2109 853 2165 ad
884 2127 1023 2166 suas
1055 2111 1342 2167 Ecclesias
1375 2113 1784 2184 remigrarent.
1819 2115 1935 2167 Au-

284 2199 474 2252 ctores
535 2213 769 2270 quoque
824 2199 1063 2255 fuerunt
1121 2204 1188 2254 ut
1230 2201 1448 2273 scripto
1509 2201 1943 2274 significaretur

283 2285 692 2343 Alexandrinis
706 2288 1030 2360 judicibus,
1065 2289 1219 2346 circa
1250 2290 1735 2360 Athanasium,fet
1761 2309 1938 2365 quos-

283 2376 418 2432 dam
451 2377 797 2433 nominatim
821 2378 1138 2434 recensitos
1159 2381 1548 2452 presbyteros;
1574 2384 1638 2436 ut
1667 2381 1787 2437 sive
1817 2381 1938 2454 epi-

285 2467 650 2540 scopus,sive
671 2467 1314 2541 quiSpiamexillis,vel
1347 2470 1405 2526 in
1466 2471 1676 2527 urbem
1737 2470 1824 2526 vel
1879 2471 1938 2526 in

284 2559 432 2614 ﬁnes
446 2558 576 2629 ejus
594 2557 1468 2631 ingressusdeprehenderetur,
1493 2561 1702 2632 judicii
1740 2559 1941 2617 liceret

283 2647 416 2703 istic
447 2651 710 2720 repertos
759 2647 906 2704 281
972 2649 1161 2719 capite
1221 2652 1513 2706 truncare.
1577 2651 1663 2706 lta
1720 2649 1942 2706 scilicet

283 2737 528 2794 Jadaica
549 2737 816 2793 novailla
844 2737 1085 2794 haeresis
1113 2755 1227 2794 non
1243 2739 1415 2794 modo
1437 2739 1736 2796 Christum
1766 2740 1942 2796 abne-

287 2829 408 2900 gat,
439 2827 543 2883 sed
573 2826 750 2882 etiam
783 2827 1114 2883 interficere
1146 2827 1372 2884 didicit.

355 2916 446 2970 20.
478 2916 700 2972 Verum
731 2933 804 2972 ne
832 2916 915 2972 ita
943 2916 1178 2989 quidem
1207 2916 1666 2990 conquieverunt
1687 2917 1791 2975 illi.
1826 2919 1939 2976 Sed

287 3002 442 3060 sicut
468 3003 734 3077 ipsorum
766 3003 1055 3061 haereseos
1086 3009 1250 3076 pater
1277 3009 1560 3078 tanquam
1591 3005 1680 3062 leo
1735 3007 1943 3064 circuit

286 3109 553 3165 quaerens
576 3111 752 3166 quem
783 3095 1018 3151 devoret
1044 3113 1058 3162 ;
1092 3095 1176 3151 sic
1203 3099 1259 3150 et
1289 3094 1375 3150 illi
1424 3101 1662 3169 accepta
1719 3096 1939 3170 publici

286 3183 559 3239 curriculi
578 3183 1389 3254 facultate,circumeuntes,si
1415 3202 1562 3257 quos
1583 3185 1942 3243 offenderent

286 3273 388 3345 qui
410 3273 612 3346 fugam
645 3272 757 3330 sibi
789 3275 1229 3346 exprobrarent,
1261 3274 1660 3347 Arianamque
1708 3293 1937 3333 aversa-

283 3367 490 3419 rentur
512 3362 800 3432 hznresim,
832 3363 941 3419 hos
963 3363 1161 3437 ﬂagris
1186 3365 1438 3435 caedunt,
1458 3365 1940 3438 vinciunt,patria

2037 768 2139 830 τῆς
2199 760 2415 836 Θρᾴκης
2471 759 2798 822 ἐπισκόπους
2834 804 2848 830 ,
2909 757 3143 835 ἀγαθοὺς
3218 759 3309 813 καὶ
3372 755 3694 836 ὀρθοδόξους

2040 847 2256 927 ἄνδρας,
2299 847 2484 919 ἐπειδὴ
2528 850 2794 925 ἑωράκασι
2840 853 3130 923 μισοῦντας
3209 849 3310 918 τὴν
3362 847 3586 926 αἳρεσιν,
3615 847 3696 905 δι-

2041 935 2257 1008 ἔϐαλον,
2280 940 2342 994 τὸ
2391 944 2606 1012 πρῶτον
2661 941 2755 1013 μὲν
2788 940 2840 994 οἱ
2887 939 3011 1016 περὶ
3055 933 3335 1010 Εὐσέϐιον,
3375 940 3464 994 καὶ
3497 936 3699 1016 ἔγραψε

2046 1027 2298 1104 βασιλεύς
2349 1031 2718 1092 Κωνστάντιος
2755 1073 2768 1098 ,
2818 1030 2882 1084 τὸ
2941 1026 3188 1105 δεύτερον
3267 1025 3325 1083 δὲ
3386 1028 3700 1103 ὑπέμνησαν

2043 1119 2219 1179 οὗτοι.
2275 1125 2372 1173 Ἠν
2423 1117 2479 1174 δὲ
2535 1122 2603 1174 τὰ
2661 1120 2933 1197 γραφέντα
2988 1119 3062 1192 μή
3127 1117 3289 1192 μόνον
3341 1113 3699 1175 ἐκϐάλλεσθαι

2041 1213 2148 1263 τῶν
2183 1207 2399 1264 πόλεων
2453 1209 2543 1264 καὶ
2595 1213 2705 1264 τῶν
2763 1207 3101 1278 Ἐκκλησιῶν
3138 1207 3356 1278 αὐτοὺς,
3413 1207 3560 1264 ἀλλὰ
3609 1211 3700 1265 καὶ

2048 1296 2354 1377 κεφαλικὴν
2417 1295 2621 1353 διδόναι
2677 1296 2830 1368 δίκην
2864 1343 2878 1368 ,
2939 1295 2992 1352 εἴ
3036 1319 3141 1352 που
3200 1297 3457 1374 εὑρεθεῖεν
3526 1300 3699 1371 οὗτοι,

2043 1393 2213 1443 Τοῦτο
2260 1385 2318 1443 δὲ
2372 1387 2415 1442 εἰ
2468 1389 2558 1443 καὶ
2611 1388 2936 1462 θαυμαστὸν,
2970 1385 3096 1442 ἀλλ’
3128 1386 3228 1442 οὐκ
3276 1385 3568 1462 ἀλλότριον
3599 1397 3700 1460 τῆς

2043 1477 2671 1555 προαιρέσεωςναύτῶν.
2731 1478 2806 1540 ὡς
2867 1479 2970 1552 γὰρ
3024 1476 3278 1550 μαθόντες
3335 1477 3398 1531 τὸ
3453 1483 3700 1535 τοιοῦτον

2047 1568 2152 1623 ἀπὸ
2181 1572 2287 1622 τῶν
2322 1569 2446 1644 περὶ
2506 1562 2786 1640 Εὐσέϐιον,
2836 1566 2927 1621 καὶ
2979 1565 3160 1644 ὥσπερ
3209 1564 3553 1643 κληρονόμοι
3600 1577 3702 1639 τῆς

2047 1653 2291 1720 ἀσεϐείας
2346 1658 2438 1712 καὶ
2484 1665 2587 1726 τῆς
2643 1657 3012 1732 προαιρέσεως
3067 1655 3242 1710 αὐτῶν
3288 1659 3701 1734 τυγχάνῠντες,

2045 1746 2342 1820 ἠθέλησαν,
2375 1747 2453 1809 ὡς
2510 1747 2562 1801 οἶ
2621 1747 2846 1822 πατέρες
2900 1745 3073 1800 αὐτῶν
3109 1744 3160 1800 ἐν
3194 1750 3262 1820 τῇ
3307 1746 3507 1822 Θρᾴκῃ,
3561 1747 3704 1804 οὕτω

2045 1838 2135 1892 καὶ
2167 1837 2315 1892 οὗτοι
2368 1836 2419 1892 ἐν
2461 1841 2530 1911 τῇ
2581 1833 2959 1910 Ἀλεξανδρείᾳ
3005 1830 3273 1912 φοϐεροὺς
3322 1834 3543 1900 ἐαυτοὺς
3601 1837 3708 1893 δεῖ-

2048 1927 2128 1998 ξαι
2190 1945 2203 1958 ⁶
2264 1926 2354 1981 καὶ
2413 1929 2635 1981 ποιοῦσι
2695 1932 3020 2003 γραφῆναι,
3078 1923 3217 1979 ὥστε
3268 1923 3397 1988 τοὺς
3474 1923 3705 2000 λιμένας

2045 2017 2134 2072 καὶ
2155 2019 2273 2091 (84)
2304 2017 2401 2078 τὰς
2431 2013 2674 2077 εἰσόδους
2730 2019 2838 2070 τῶν
2891 2011 3108 2070 πόλεων
3157 2016 3462 2090 τηρεῖσθαι,
3504 2018 3704 2090 μήπως

2051 2105 2141 2162 διά
2167 2108 2266 2176 τήν
2321 2106 2428 2160 ἀπὸ
2484 2112 2584 2175 τῆς
2647 2102 2873 2160 συνόδου
2923 2104 3280 2181 συγχώρησιν
3339 2103 3704 2162 ἐπανέλθωσιν

2052 2196 2128 2260 εἷς
2176 2197 2271 2259 τὰς
2302 2193 2629 2266 Ἐκκλησίας
2667 2237 2679 2249 .
2733 2199 2958 2250 Ποιοῦσι
3002 2191 3060 2250 δὲ
3117 2201 3391 2273 γραφῆναι
3448 2195 3539 2250 καὶ
3588 2202 3705 2260 τοῖς

2052 2285 2152 2360 [ἐν]
2209 2283 2587 2363 ’Δλεξανδρείᾳ
2664 2282 2941 2347 δικασταῖς
2976 2328 2992 2355 ,
3049 2284 3176 2361 περὶ
3235 2285 3557 2341 Ἀθανασίου
3616 2287 3707 2342 καὶ

2048 2371 2427 2453 πρεσϐυτέρων
2488 2378 2650 2429 τινῶν
2708 2372 2759 2444 ἐξ
2821 2372 3113 2447 ὀνόματος,
3167 2371 3282 2445 ἵνα,
3333 2371 3441 2430 sicce
3486 2373 3704 2431 ἐπίσκο-

2049 2487 2174 2536 πος,
2208 2462 2316 2520 sifts
2342 2485 2426 2526 τις
2471 2463 2522 2534 ἐξ
2575 2463 2789 2519 ἐκείνων
2837 2461 3076 2537 εὑρεθείη
3127 2470 3227 2534 τῆς
3276 2461 3494 2528 πόλεως
3534 2467 3570 2536 ἢ
3602 2470 3710 2522 τῶν

2049 2554 2190 2628 ὅρων
2220 2553 2388 2624 αὐτῆς
2442 2547 2656 2622 ἐπιϐὰς,
2849 2556 2928 2624 τῷ
2959 2548 3185 2627 δικαστῇ
3230 2556 3336 2608 τῶν
3389 2554 3708 2630 εὑρισκομέ-

2047 2666 2154 2699 νων
2181 2646 2278 2706 τιὶς
2308 2640 2546 2721 κεφαλὰς
2600 2642 2940 2716 ἀποτέμνειν.
2997 2641 3181 2705 Οὕτως
3233 2645 3268 2712 ἡ
3319 2640 3586 2713 Ἰουδαϊκή
3619 2645 3711 2700 νέα

2049 2733 2256 2811 αἵρεσις
2312 2732 2373 2788 ού
2429 2731 2593 2807 μόνον
2656 2731 2891 2808 ἀρνεῖται
2965 2731 3057 2786 τὸν
3128 2729 3367 2807 Κύριον,
3414 2730 3560 2788 ἀλλά
3614 2734 3707 2788 καὶ

2050 2822 2292 2902 φονεύειν
2325 2823 2658 2897 μεμάθηκεν.

2119 2917 2207 2970 20.
2243 2910 2380 2968 Θύδε
2419 2910 2561 2966 οὕτω
2614 2907 2671 2966 δὲ
2721 2911 2984 2987 ἠρέμουν,
3045 2907 3170 2965 ἀλλ’
3219 2907 3390 2985 ὥσρερ
3443 2910 3471 2964 ὁ
3518 2913 3699 2986 πατήρ

2047 3011 2148 3074 τῆς
2197 3004 2456 3080 αἱρέσεως
2492 3000 2665 3056 αὐτῶν
2713 3000 3061 3077 περιέρχεται
3092 2999 3168 3063 ὡς
3199 2996 3358 3071 λέων,
3412 3005 3586 3070 ζητῶν
3617 3000 3700 3056 τί-

2047 3114 2110 3150 να
2137 3092 2392 3166 καταπίῃ,
2446 3089 2618 3152 οῧτως
2669 3089 2819 3145 οὗτοι
2868 3086 3144 3162 δημοσίου
3194 3085 3399 3164 δρόμου
3425 3091 3523 3160 τήν
3553 3088 3701 3161 ἐξου-

2050 3183 2165 3237 σίαν
2217 3179 2474 3242 λαϐόντες
2531 3179 2623 3234 καὶ
2681 3178 3149 3256 περιερχόμενοι,
3209 3178 3268 3234 ὃν
3333 3179 3393 3234 ἂν
3448 3179 3708 3254 ηὕρισκον

2049 3269 2379 3341 ὀνειδίζοντα
2431 3269 2648 3331 τούτοις
2697 3269 2794 3338 τήν
2848 3270 3024 3346 φυγὴν
3074 3312 3089 3339 ,
3140 3269 3230 3323 καὶ
3293 3272 3556 3342 μισοῦντα
3608 3271 3710 3340 τὴν

2052 3361 2330 3436 Ἀρειανὴν
2387 3358 2592 3436 α’ίρεσιν
2629 3403 2643 3429 ,
2690 3357 2918 3421 τούτους
2978 3357 3264 3432 ἐμάστιζον
3296 3405 3312 3432 ,
3371 3355 3660 3433 ἐδέσμευον
3694 3406 3709 3430 ,

286 3456 506 3524 cogunt
533 3451 822 3509 exsulare.
858 3455 1200 3526 Tantusque
1230 3458 1416 3510 terror
1446 3454 1756 3511 hominum
1805 3454 1933 3511 illo-

2052 3427 2266 3507 ἐποίουν
2290 3427 2754 3524 ’ἐξορίξεσθαι-τῆς
2805 3445 2944 3510 ἰδίας
2995 3427 3258 3523 πατρίδος
3294 3427 3307 3482 ί
3352 3427 3620 3526 φοϐερούς
3649 3427 3711 3505 τε

285 3558 417 3596 rum
449 3542 579 3613 fuit,
604 3546 670 3598 ut
699 3541 871 3598 multi
903 3543 976 3598 ad
1008 3543 1413 3600 simulandum
1436 3545 1629 3600 adacti
1669 3544 1890 3602 fuerint
1922 3562 1934 3600 :

285 3631 457 3687 multi
481 3631 539 3686 in
571 3631 951 3688 solitudinem
977 3633 1174 3706 fugere
1196 3633 1644 3705 mallent,quam
1668 3634 1788 3690 ullo
1821 3651 1939 3692 mo-

285 3721 360 3776 do
392 3737 528 3776 cum
560 3721 678 3778 illis
709 3723 1165 3778 communicare.
1199 3727 1330 3778 Haec
1360 3728 1494 3796 post
1525 3725 1723 3797 fugam
1773 3728 1940 3781 erant

284 3811 605 3867 furentium
629 3811 868 3868 hominu
879 3829 935 3868 m
956 3811 1232 3868 facinora.
1243 3813 1362 3868 lmo
1375 3829 1507 3869 vero
1522 3831 1739 3871 novum
1753 3815 1939 3887 quod-

285 3901 422 3957 dam
453 3899 646 3957 scelus
676 3901 1341 3974 aggrediuntur,eorum
1373 3919 1516 3958 sane
1547 3903 1754 3960 haeresi
1801 3921 1938 3960 con-

287 3995 673 4047 sentaneum:
707 4009 912 4047 verum
951 3992 1106 4063 quod
1142 4009 1246 4048 nec
1277 3997 1413 4049 ante
1434 3993 1725 4061 auditum,
1752 4010 1940 4066 neque

288 4079 436 4136 forte
465 4096 729 4152 unquam
763 4080 1029 4136 futurum
1063 4079 1159 4152 sit,
1193 4097 1265 4137 ne
1295 4083 1382 4137 vel
1413 4083 1568 4154 apud
1628 4083 1938 4155 gentilium

289 4167 1041 4242 petulantissimos.nedum
1061 4171 1214 4241 apud
1245 4170 1786 4231 Christianos.Nam
1804 4190 1939 4230 cum

287 4276 456 4315 sacra
499 4259 759 4332 synodus
803 4258 1023 4332 legatos
1079 4260 1383 4334 episcopos
1438 4261 1698 4318 misisset
1755 4262 1941 4333 (ANNO

287 4348 434 4420 348),
461 4348 794 4405 Vicentium
817 4352 1180 4421 Capuae,quze
1211 4349 1551 4422 metropolis
1575 4356 1665 4407 est
1695 4351 1939 4424 Campa-

287 4438 417 4509 niae,
441 4438 873 4512 episcopum,et
898 4438 1258 4511 Euphratem
1286 4439 1778 4513 Agrippinae,quaa
1827 4457 1944 4498 me-

285 4527 529 4601 tropolis
559 4532 649 4585 est
675 4528 871 4584 Gallize
895 4528 1226 4602 Superioris
1253 4546 1265 4584 :
1301 4534 1366 4584 ut
1420 4535 1594 4602 prout
1641 4531 1941 4588 decretum

284 4632 318 4671 a
337 4617 557 4690 synodo
578 4618 1114 4691 fuerat,imperator
1136 4619 1443 4692 epi300pos
1475 4619 1535 4674 in
1567 4637 1709 4676 suas
1733 4622 1944 4678 reverti

283 4705 560 4763 ecclesias
590 4708 953 4776 concederet,
986 4725 1136 4780 quos
1168 4725 1380 4781 nempe
1439 4709 1760 4782 expulisset
1816 4711 1940 4784 ipse

2051 3541 2274 3604 ἑαυτοὺς
2307 3540 2480 3602 οὕτως
2542 3539 2784 3608 ἐποίουν,
2844 3538 2918 3600 ὡς
2951 3535 3200 3600 πολλοὺς
3265 3538 3358 3611 μὲν
3413 3538 3709 3616 ὑποκριτὰς

2047 3639 2297 3702 ποιῆσαι,
2332 3627 2581 3691 πολλοὺς
2614 3626 2671 3683 δὲ
2721 3628 2796 3691 εἰς
2853 3626 3085 3705 ἐρημίας
3135 3626 3372 3706 φεύγειν,
3423 3629 3460 3698 ἢ
3490 3627 3709 3691 τούτοις

2053 3720 2344 3799 βούλεσθαι
2402 3719 2500 3774 κᾶν
2559 3716 2704 3780 ὅλως
2765 3718 3149 3794 συντυγχάνειν
3182 3719 3315 3791 (85).
3368 3722 3602 3774 Τοιαῦτα
3642 3719 3710 3788 ἦν

2049 3812 2222 3868 αὐτῶν
2277 3811 2411 3886 μετά
2438 3810 2537 3879 τὴν
2596 3809 2774 3886 φυγὴν
2828 3815 2929 3877 τῆς
2993 3805 3180 3881 μανίας
3230 3807 3299 3861 τὰ
3345 3803 3705 3882 τολμήματα.

2048 3903 2147 3958 Καὶ
2200 3903 2304 3978 γὰρ
2350 3899 2441 3955 καὶ
2488 3897 2686 3973 δρῶσιν
2738 3895 2881 3952 ἄλλο
2931 3917 2984 3952 τι
3032 3895 3234 3968 καινὸν,
3268 3895 3401 3972 ὅπερ
3460 3905 3560 3968 τῆς
3613 3899 3709 3973 μὲν

2048 3993 2308 4068 αἱρέσεως
2338 3989 2512 4044 αὐτῶν
2555 3987 2665 4042 ἐστι
2713 3983 3091 4057 κατάλληλον,
3137 3981 3291 4040 οὔπω
3338 3983 3396 4041 δὲ
3443 3986 3709 4065 πρότερον

2049 4079 2314 4152 ἠκούσθη,
2349 4076 2475 4134 ἀλλ’
2508 4075 2633 4133 οὐδὲ
2679 4078 2825 4153 τάχα
2872 4076 3154 4153 γενήσεταί
3204 4097 3339 4131 ποτε
3382 4074 3510 4133 οὐδὲ
3561 4081 3709 4152 παρὰ

2047 4176 2167 4233 τοῖς
2199 4167 2609 4245 ἀσελγεστέροις
2664 4171 2772 4223 τῶν
2822 4164 3125 4236 Ἑλλήνων,
3161 4167 3362 4242 μήτιγε
3412 4167 3560 4243 παρὰ
3589 4167 3707 4242 (86)

2050 4263 2432 4336 Χριστιανοῖς.
2493 4264 2603 4328 Τῆς
2683 4258 2787 4334 γὰρ
2867 4256 3023 4332 ἁγίας
3083 4252 3308 4311 συνόδου
3381 4250 3716 4331 πρεσϐευτὰς

2052 4348 2452 4418 ἀποστειλάσης
2507 4346 2833 4408 ἐπισκόπους
2870 4391 2884 4417 ,
2945 4345 3213 4400 Βικέντιον
3286 4344 3380 4419 μὲν
3457 4345 3548 4400 τὸν
3606 4345 3714 4402 ἀπὸ

2051 4437 2274 4508 Καπύης
2323 4431 2458 4510 (ἔστι
2489 4433 2546 4492 δὲ
2584 4435 2720 4506 αὕτη
2780 4431 3128 4512 μητρόπολις
3185 4441 3288 4505 τῆς
3348 4433 3716 4510 Καμπανίας),

2055 4528 2335 4607 Εὐφράτην
2383 4527 2440 4581 δὲ
2485 4527 2576 4581 τὸν
2626 4526 2730 4581 ἀπὸ
2776 4524 3142 4600 Ἀγριππίνης
3172 4519 3312 4596 (ἔστι
3359 4520 3416 4579 δὲ
3453 4523 3543 4580 καὶ
3576 4523 3714 4595 αὕτη

2056 4615 2402 4696 μητρόπολις
2457 4623 2559 4687 τῆς
2608 4613 2716 4670 ἅνω
2749 4613 3036 4688 Γαλλίας),
3094 4610 3198 4684 ἵνα,
3252 4614 3328 4676 ὡς
3387 4616 3422 4684 ἠ
3483 4611 3712 4677 σύνοδος

2053 4708 2249 4782 ἔκρινε,
2282 4708 2619 4784 συγχωρήσῃ
2675 4701 2932 4782 βασιλεύς
2983 4703 3056 4766 εἷς
3107 4703 3204 4765 τὰς
3255 4701 3548 4775 ἐκκλησίας
3585 4703 3717 4766 τοὺς

281 4795 392 4851 etsi
431 4797 943 4854 commendatitias
976 4815 1077 4870 pro
1108 4797 1400 4871 episcopis
1430 4797 1656 4856 litteras
1683 4800 1936 4858 misisset

2052 4797 2378 4858 ἐπισκόπους
2438 4791 2774 4864 ἐπανελθεῖν,
2826 4790 3012 4863 ἐπειδή
3071 4791 3162 4848 καὶ
3214 4791 3378 4856 αύτὺς
3436 4787 3661 4864 ἐξέϐαλε
3695 4812 3710 4826 ’

282 4885 445 4942 fratri
477 4903 584 4942 suo
608 4886 916 4959 piissimus
939 4888 1225 4943 Constans
1260 4908 1275 4958 ;
1302 4893 1362 4944 at
1390 4889 1723 4946 admirandi
1752 4890 1938 4947 homi-

281 4975 485 5043 nes,ad
507 4991 798 5048 omneque
830 4976 1021 5033 scelus
1052 4976 1712 5048 audacissimi,ubiillos
1734 4981 1934 5037 Antio-

283 5063 426 5120 chia
459 5082 956 5138 conspexere,una
977 5066 1290 5123 consilium
1315 5068 1709 5135 ineunt,solus
1739 5075 1936 5128 tamen

283 5153 850 5227 Stephanus,utpote
881 5157 952 5211 ad
988 5173 1080 5212 res
1110 5156 1451 5227 hujusmodi
1484 5159 1664 5230 probe
1694 5175 1935 5234 compa-

284 5267 485 5388 gatum
515 5263 589 5318 ab
618 5263 1151 5328 Arianis,interisse
1190 5268 1507 5336 antequam
1551 5264 1742 5321 soluta
1800 5269 1934 5325 Sar-

327 5334 540 5388 icensis
570 5336 830 5388 svnodus
853 5337 1148 5388 esset.Res
1179 5343 1336 5388 certa
1365 5337 1598 5388 videtur
1632 5355 1644 5388 :
1671 5356 1804 5388 nam
1842 5341 1934 5388 hic

327 5334 830 5408 icensissynodus
853 5337 1148 5392 esset.Res
1179 5334 1598 5393 certu‘videtur
1632 5355 1807 5395 :nam
1842 5341 1936 5397 hic

281 5406 635 5480 Athanasius
669 5425 760 5463 res
792 5408 991 5464 statim
1047 5425 1082 5463 a
1141 5409 1274 5477 fuga
1330 5413 1524 5480 gestas
1581 5409 1654 5465 ab
1702 5413 1937 5469 Arianis

285 5479 1006 5554 enarratZCertumqueiest
1036 5481 1280 5552 coepisse
1303 5479 1589 5554 synodum
1623 5488 1754 5552 post
1775 5485 1937 5539 Aria-

283 5565 492 5603 norum
527 5550 818 5622 fugam,et
843 5550 1213 5623 aliquantum
1246 5550 1528 5624 temporis
1551 5550 1814 5610 durasse.
1842 5557 1933 5612 Li-

283 5624 373 5674 cet
402 5624 878 5695 autemquaedam
921 5624 1192 5695 superius
1239 5624 1526 5680 enarrarit
1576 5625 1935 5684 Athanasius

281 5708 412 5816 gues
447 5692 675 5747 nonnisi
713 5701 844 5765 post
875 5692 1127 5750 solutam
1155 5697 1440 5767 synodum
1475 5697 1793 5768 contigisse
1850 5700 1934 5754 vi-

323 5764 788 5816 entur.vidclicet
817 5783 944 5816 (iure
969 5767 1139 5816 nauli)
1178 5774 1313 5816 ante
1347 5769 1520 5816 refert
1571 5768 1640 5816 de
1691 5770 1820 5816 Arin
1879 5775 1934 5816 nt.

323 5764 788 5836 entu_r,vidclicet
817 5783 944 5836 quae
969 5767 1139 5836 paulo
1178 5764 1313 5824 ante
1346 5769 1520 5823 refert
1571 5764 1820 5825 de'Ario
1879 5775 1937 5828 et

283 5833 1259 5918 Asterio‘episcopis;hocﬁnquam,
1287 5839 1430 5892 nihil
1464 5839 1678 5918 negotii
1713 5842 1884 5898 faciat
1913 5860 1929 5918 _:

281 5917 398 5957 non
421 5904 624 5960 ordine
656 5904 872 5977 quippe
906 5904 1000 5965 res
1056 5904 1255 5979 gestas
1309 5904 1572 5966 recenset
1625 5911 1770 5987 ipse,
1830 5915 1932 5972 sed

2047 4886 2356 4966 γράψαντός
2403 4906 2463 4941 τε
2521 4883 2612 4939 καὶ
2667 4887 2765 4938 τοῦ
2815 4877 3197 4938 εὐσεϐεστάτου
3245 4883 3587 4944 Κώνπαντος
3638 4886 3720 4954 τῷ

2045 4977 2516 5057 d351tpi'péau'co'u,
2581 4973 2673 5028 καὶ
2731 4975 3092 5043 συστήσαντος
3151 4970 3280 5034 τοὺς
3329 4970 3659 5034 ἐπισκόπους
3700 4989 3715 5004 ⁶

2046 5071 2097 5124 οἱ
2127 5063 2430 5140 θαυμαστοὶ
2458 5064 2547 5132 καὶ
2581 5063 2717 5134 πρὸς
2767 5063 2941 5117 πάντα
2985 5059 3290 5138 τολμηροὶ,
3340 5061 3415 5124 ὡς
3467 5062 3708 5138 ἑωράκα-

2043 5179 2124 5212 σιν
2159 5155 2353 5217 αὐτοὺς
2388 5153 2474 5208 ἐπὶ
2504 5160 2604 5223 τῆς
2657 5151 3019 5228 Ἀντιοχείας,
3073 5149 3433 5226 βουλεύονται
3469 5151 3564 5226 μὶν
3591 5171 3715 5206 κοι-

2045 5270 2220 5340 prout
2240 5263 2536 5340 memoriae
2565 5277 2696 5340 sese
2724 5261 3067 5340 offerebant.

2116 5340 2229 5406 (84)
2261 5337 2355 5392 Sic
2379 5335 2518 5402 Reg.
2556 5338 2612 5389 et
2639 5332 2887 5406 Basil.ln
2917 5331 3093 5406 editis
3113 5329 3209 5406 καί
3237 5331 3421 5387 deest.

2375 5408 2532 5490 ΒΘΗ.
2566 5405 2743 5490 Εάίῐξ,
2775 5403 3090 5490 τυγχάνειν,
3132 5402 3330 5459 minus
3361 5406 3534 5490 recte.

2117 5411 2208 5481 (85
2257 5410 2350 5489 Sic
2393 5410 2532 5490 Reg.
2566 5410 2743 5473 Editi,
2775 5410 3090 5487 τυγχάνειν,
3132 5410 3330 5459 minus
3361 5410 3534 5459 recte.

2117 5410 2352 5607 (862810
2375 5479 2590 5559 Regius
2620 5477 2822 5532 codex.
2861 5479 2923 5531 In
2951 5476 3126 5531 editis
3155 5491 3290 5531 vero
3329 5474 3476 5557 παρά
3520 5474 3710 5558 deest.

2117 5571 2175 5607 )x
2250 5567 2338 5607 e2.
2389 5554 2446 5606 et
2500 5549 2640 5605 edit.
2689 5546 3222 5607 Comm..Bixévriov
3259 5546 3434 5602 .Edit.
3494 5545 3710 5607 Paris..

2045 5554 2175 5609 Mox

2045 5617 2376 5678 Οὗϊνκὲτιῦν.
2406 5620 2587 5676 Paulo
2645 5624 2780 5692 post
2824 5619 3019 5692 editi,
3061 5617 3531 5692 ’Anoypnnriv-gs,
3585 5635 3714 5692 una

2043 5713 2201 5752 voce.
2243 5695 2410 5762 Rem,
2441 5693 2546 5746 ἀπὸ
2569 5688 2958 5764 Ἀγριππίνης.
2991 5691 3126 5764 Quae
3183 5688 3281 5745 hic
3343 5689 3413 5746 de
3443 5689 3714 5764 Vigentio

2043 5773 2100 5845 et
2131 5761 2425 5845 Euphrate
2449 5761 2979 5845 narrantpr,fusius
2995 5763 3305 5845 habentur
3327 5761 3483 5845 apud
3513 5761 3704 5818 Theo-

2043 5834 2254 5909 doreti,
2288 5837 2390 5894 lib.
2426 5855 2488 5906 ii,
2523 5853 2652 5908 cap.
2683 5836 2739 5905 9,
2765 5840 2823 5892 et
2851 5835 2911 5891 in
2942 5835 3062 5893 Vita
3090 5834 3401 5891 Athanasii
3431 5849 3630 5906 supra.

2250 5567 2338 5624 eg.
2389 5545 2640 5624 et'edit.
2689 5546 3222 5624 (Σοωωλ.ι,ῌικέντιον
3259 5546 3434 5624 .Edit.
3494 5545 3710 5617 Paris.,
