  <div class='ocr_page' id='page_1' title='image "/cluster/home/n/w/nwhite01/storage/ocr_20150623/25:no.1/coo.31924054873066/652.png"; bbox 0 0 4132 6414; ppageno 0'>
   <div class='ocr_carea' id='block_1_1' title="bbox 373 499 488 562">
    <p class='ocr_par' dir='ltr' id='par_1_1' title="bbox 373 499 488 562">
     <span class='ocr_line' id='line_1_1' title="bbox 373 499 488 562; baseline 0 0"><span class='ocrx_word' id='word_1_1' title='bbox 373 499 488 562; x_wconf 76' lang='grc'>’11⁸1</span> 
     </span>
    </p>
   </div>
   <div class='ocr_carea' id='block_1_2' title="bbox 1317 493 2846 567">
    <p class='ocr_par' dir='ltr' id='par_1_2' title="bbox 1317 493 2846 567">
     <span class='ocr_line' id='line_1_2' title="bbox 1317 493 2846 567; baseline 0.001 -4"><span class='ocrx_word' id='word_1_2' title='bbox 1317 493 1689 563; x_wconf 80' lang='lat' dir='ltr'>HISTORIA</span> <span class='ocrx_word' id='word_1_3' title='bbox 1730 496 2199 564; x_wconf 83' lang='lat' dir='ltr'>ARIANORUM</span> <span class='ocrx_word' id='word_1_4' title='bbox 2243 501 2349 564; x_wconf 80' lang='lat' dir='ltr'><strong>AD</strong></span> <span class='ocrx_word' id='word_1_5' title='bbox 2393 498 2846 567; x_wconf 82' lang='lat' dir='ltr'>MONACHOS.</span> 
     </span>
    </p>
   </div>
   <div class='ocr_carea' id='block_1_3' title="bbox 3668 486 3792 558">
    <p class='ocr_par' dir='ltr' id='par_1_3' title="bbox 3668 486 3792 558">
     <span class='ocr_line' id='line_1_3' title="bbox 3668 486 3792 558; baseline -0.032 0"><span class='ocrx_word' id='word_1_6' title='bbox 3668 486 3792 558; x_wconf 67' lang='lat'>718</span> 
     </span>
    </p>
   </div>
   <div class='ocr_carea' id='block_1_4' title="bbox 365 601 2015 712">
    <p class='ocr_par' dir='ltr' id='par_1_4' title="bbox 365 601 2015 712">
     <span class='ocr_line' id='line_1_4' title="bbox 365 601 2015 712; baseline -0.001 -25"><span class='ocrx_word' id='word_1_7' title='bbox 365 601 456 706; x_wconf 26' lang='grc' dir='ltr'>ινδ,</span> <span class='ocrx_word' id='word_1_8' title='bbox 517 628 676 706; x_wconf 81' lang='grc' dir='ltr'>μόνος</span> <span class='ocrx_word' id='word_1_9' title='bbox 731 627 788 688; x_wconf 68' lang='grc' dir='ltr'>δὲ</span> <span class='ocrx_word' id='word_1_10' title='bbox 863 628 1129 712; x_wconf 87' lang='grc' dir='ltr'>Στέφανος</span> <span class='ocrx_word' id='word_1_11' title='bbox 1188 632 1504 710; x_wconf 71' lang='grc' dir='ltr'>ἀναδέχεται</span> <span class='ocrx_word' id='word_1_12' title='bbox 1564 632 1626 686; x_wconf 88' lang='grc' dir='ltr'>τὸ</span> <span class='ocrx_word' id='word_1_13' title='bbox 1686 628 1884 707; x_wconf 87' lang='grc' dir='ltr'>δράμα,</span> <span class='ocrx_word' id='word_1_14' title='bbox 1946 633 2015 694; x_wconf 81' lang='grc' dir='ltr'>ὡς</span> 
     </span>
    </p>
   </div>
   <div class='ocr_carea' id='block_1_5' title="bbox 2130 601 3791 712">
    <p class='ocr_par' dir='ltr' id='par_1_5' title="bbox 2139 611 3791 710">
     <span class='ocr_line' id='line_1_5' title="bbox 2139 611 3791 710; baseline 0 -19"><span class='ocrx_word' id='word_1_15' title='bbox 2139 640 2320 703; x_wconf 90' lang='lat' dir='ltr'>ratus,</span> <span class='ocrx_word' id='word_1_16' title='bbox 2353 611 2611 693; x_wconf 82' lang='lat' dir='ltr'>fabulam</span> <span class='ocrx_word' id='word_1_17' title='bbox 2633 637 3024 710; x_wconf 82' lang='lat' dir='ltr'>peragendam</span> <span class='ocrx_word' id='word_1_18' title='bbox 3059 635 3327 708; x_wconf 87' lang='lat' dir='ltr'>suscipit.</span> <span class='ocrx_word' id='word_1_19' title='bbox 3362 633 3664 693; x_wconf 89' lang='lat' dir='ltr'>Publicam</span> <span class='ocrx_word' id='word_1_20' title='bbox 3685 633 3791 692; x_wconf 80' lang='lat' dir='ltr'>ita-</span> 
     </span>
    </p>
   </div>
   <div class='ocr_carea' id='block_1_6' title="bbox 372 719 2021 799">
    <p class='ocr_par' dir='ltr' id='par_1_6' title="bbox 372 719 2021 799">
     <span class='ocr_line' id='line_1_6' title="bbox 372 719 2021 799; baseline -0.001 -23"><span class='ocrx_word' id='word_1_21' title='bbox 372 719 696 792; x_wconf 82' lang='grc' dir='ltr'>ἐπιτηδείως</span> <span class='ocrx_word' id='word_1_22' title='bbox 731 720 874 799; x_wconf 78' lang='grc' dir='ltr'>ἔχων</span> <span class='ocrx_word' id='word_1_23' title='bbox 920 724 1044 799; x_wconf 86' lang='grc' dir='ltr'>περὶ</span> <span class='ocrx_word' id='word_1_24' title='bbox 1087 725 1154 780; x_wconf 76' lang='grc' dir='ltr'>τά</span> <span class='ocrx_word' id='word_1_25' title='bbox 1199 730 1442 780; x_wconf 73' lang='grc' dir='ltr'>τοιαῦτα.</span> <span class='ocrx_word' id='word_1_26' title='bbox 1493 724 1816 777; x_wconf 59' lang='grc' dir='ltr'>δίισθοῦνται</span> <span class='ocrx_word' id='word_1_27' title='bbox 1844 722 2021 776; x_wconf 92' lang='grc' dir='ltr'>τοίνυν</span> 
     </span>
    </p>
   </div>
   <div class='ocr_carea' id='block_1_7' title="bbox 367 808 2023 889">
    <p class='ocr_par' dir='ltr' id='par_1_7' title="bbox 367 808 2023 889">
     <span class='ocr_line' id='line_1_7' title="bbox 367 808 2023 889; baseline -0.002 -22"><span class='ocrx_word' id='word_1_28' title='bbox 367 811 570 889; x_wconf 78' lang='grc' dir='ltr'>πόρνην</span> <span class='ocrx_word' id='word_1_29' title='bbox 606 808 872 884; x_wconf 80' lang='grc' dir='ltr'>δημοσίαν</span> <span class='ocrx_word' id='word_1_30' title='bbox 907 813 956 868; x_wconf 90' lang='grc' dir='ltr'>ἐν</span> <span class='ocrx_word' id='word_1_31' title='bbox 987 813 1170 876; x_wconf 83' lang='grc' dir='ltr'>αύταῖς</span> <span class='ocrx_word' id='word_1_32' title='bbox 1220 821 1337 875; x_wconf 73' lang='grc' dir='ltr'>ταῖς</span> <span class='ocrx_word' id='word_1_33' title='bbox 1389 813 1622 888; x_wconf 78' lang='grc' dir='ltr'>ἡμέραις</span> <span class='ocrx_word' id='word_1_34' title='bbox 1659 816 1755 865; x_wconf 71' lang='grc' dir='ltr'>τοῦ</span> <span class='ocrx_word' id='word_1_35' title='bbox 1789 812 2023 886; x_wconf 80' lang='grc' dir='ltr'>ἁγιωτά-</span> 
     </span>
    </p>
   </div>
   <div class='ocr_carea' id='block_1_8' title="bbox 362 901 2023 978">
    <p class='ocr_par' dir='ltr' id='par_1_8' title="bbox 362 901 2023 978">
     <span class='ocr_line' id='line_1_8' title="bbox 362 901 2023 978; baseline -0.002 -21"><span class='ocrx_word' id='word_1_36' title='bbox 362 924 461 958; x_wconf 86' lang='grc' dir='ltr'>του</span> <span class='ocrx_word' id='word_1_37' title='bbox 541 903 765 978; x_wconf 81' lang='grc' dir='ltr'>Πάσχα,</span> <span class='ocrx_word' id='word_1_38' title='bbox 850 903 939 956; x_wconf 79' lang='grc' dir='ltr'>καὶ</span> <span class='ocrx_word' id='word_1_39' title='bbox 1017 905 1392 978; x_wconf 77' lang='grc' dir='ltr'>γυμνώσαντες</span> <span class='ocrx_word' id='word_1_40' title='bbox 1475 902 1674 971; x_wconf 83' lang='grc' dir='ltr'>ταύτην</span> <span class='ocrx_word' id='word_1_41' title='bbox 1767 901 2023 978; x_wconf 74' lang='grc' dir='ltr'>ἐπαφιᾶσι</span> 
     </span>
    </p>
   </div>
   <div class='ocr_carea' id='block_1_9' title="bbox 361 990 2018 1070">
    <p class='ocr_par' dir='ltr' id='par_1_9' title="bbox 361 990 2018 1070">
     <span class='ocr_line' id='line_1_9' title="bbox 361 990 2018 1070; baseline -0.01 -13"><span class='ocrx_word' id='word_1_42' title='bbox 361 992 549 1054; x_wconf 81' lang='grc' dir='ltr'>νυκτὸς</span> <span class='ocrx_word' id='word_1_43' title='bbox 581 991 834 1070; x_wconf 68' lang='grc' dir='ltr'>Εὐφράτῃ</span> <span class='ocrx_word' id='word_1_44' title='bbox 887 996 965 1064; x_wconf 81' lang='grc' dir='ltr'>τῷ</span> <span class='ocrx_word' id='word_1_45' title='bbox 1019 991 1317 1065; x_wconf 84' lang='grc' dir='ltr'>ἐπισκόπῳ.</span> <span class='ocrx_word' id='word_1_46' title='bbox 1385 993 1481 1046; x_wconf 81' lang='grc' dir='ltr'>Καὶ</span> <span class='ocrx_word' id='word_1_47' title='bbox 1538 995 1572 1061; x_wconf 81' lang='grc' dir='ltr'>ἡ</span> <span class='ocrx_word' id='word_1_48' title='bbox 1632 990 1925 1067; x_wconf 75' lang='grc' dir='ltr'>μενπόρνη</span> <span class='ocrx_word' id='word_1_49' title='bbox 1957 992 2018 1045; x_wconf 85' lang='grc' dir='ltr'>τὸ</span> 
     </span>
    </p>
   </div>
   <div class='ocr_carea' id='block_1_10' title="bbox 360 1080 2016 1158">
    <p class='ocr_par' dir='ltr' id='par_1_10' title="bbox 360 1080 2016 1158">
     <span class='ocr_line' id='line_1_10' title="bbox 360 1080 2016 1158; baseline -0.001 -22"><span class='ocrx_word' id='word_1_50' title='bbox 360 1085 577 1157; x_wconf 83' lang='grc' dir='ltr'>πρῶτον</span> <span class='ocrx_word' id='word_1_51' title='bbox 613 1127 626 1152; x_wconf 91' lang='grc'>,</span> <span class='ocrx_word' id='word_1_52' title='bbox 677 1081 945 1154; x_wconf 76' lang='grc' dir='ltr'>νομίσασα</span> <span class='ocrx_word' id='word_1_53' title='bbox 1011 1084 1274 1158; x_wconf 85' lang='grc' dir='ltr'>νεώτερον</span> <span class='ocrx_word' id='word_1_54' title='bbox 1331 1082 1460 1138; x_wconf 75' lang='grc' dir='ltr'>εἶναι</span> <span class='ocrx_word' id='word_1_55' title='bbox 1526 1081 1616 1135; x_wconf 78' lang='grc' dir='ltr'>τὸν</span> <span class='ocrx_word' id='word_1_56' title='bbox 1674 1080 1970 1135; x_wconf 88' lang='grc' dir='ltr'>καλέσαντα</span> <span class='ocrx_word' id='word_1_57' title='bbox 2004 1127 2016 1151; x_wconf 89' lang='grc'>,</span> 
     </span>
    </p>
   </div>
   <div class='ocr_carea' id='block_1_11' title="bbox 1039 1169 2016 1250">
    <p class='ocr_par' dir='ltr' id='par_1_11' title="bbox 1039 1169 2016 1250">
     <span class='ocr_line' id='line_1_11' title="bbox 1039 1169 2016 1250; baseline -0.004 -24"><span class='ocrx_word' id='word_1_58' title='bbox 1039 1191 1049 1202; x_wconf 95' lang='grc'><strong>·</strong></span> <span class='ocrx_word' id='word_1_59' title='bbox 1086 1173 1159 1234; x_wconf 88' lang='grc' dir='ltr'>ὡς</span> <span class='ocrx_word' id='word_1_60' title='bbox 1221 1170 1278 1227; x_wconf 78' lang='grc' dir='ltr'>δέ</span> <span class='ocrx_word' id='word_1_61' title='bbox 1327 1171 1538 1250; x_wconf 74' lang='grc' dir='ltr'>ῥιφεῖσα</span> <span class='ocrx_word' id='word_1_62' title='bbox 1590 1171 1714 1243; x_wconf 84' lang='grc' dir='ltr'>παρ’</span> <span class='ocrx_word' id='word_1_63' title='bbox 1767 1169 2016 1242; x_wconf 73' lang='grc' dir='ltr'>ἐκείνων,</span> 
     </span>
    </p>
   </div>
   <div class='ocr_carea' id='block_1_12' title="bbox 1017 902 1674 978">
    <p class='ocr_par' dir='ltr' id='par_1_12' title="bbox 1017 902 1674 978">
     <span class='ocr_line' id='line_1_12' title="bbox 1017 902 1674 978; baseline -0.003 -22"><span class='ocrx_word' id='word_1_64' title='bbox 1017 905 1392 978; x_wconf 87' lang='grc' dir='ltr'>γυμνώσαντες</span> <span class='ocrx_word' id='word_1_65' title='bbox 1475 902 1674 971; x_wconf 83' lang='grc' dir='ltr'>ταύτην</span> 
     </span>
    </p>
   </div>
   <div class='ocr_carea' id='block_1_13' title="bbox 363 1171 1000 1244">
    <p class='ocr_par' dir='ltr' id='par_1_13' title="bbox 363 1171 1000 1244">
     <span class='ocr_line' id='line_1_13' title="bbox 363 1171 1000 1244; baseline -0.002 -19"><span class='ocrx_word' id='word_1_66' title='bbox 363 1171 660 1244; x_wconf 77' lang='grc' dir='ltr'>προθύμως</span> <span class='ocrx_word' id='word_1_67' title='bbox 708 1171 1000 1242; x_wconf 70' lang='grc' dir='ltr'>ἠκολούθει</span> 
     </span>
    </p>
   </div>
   <div class='ocr_carea' id='block_1_14' title="bbox 364 1257 2017 1335">
    <p class='ocr_par' dir='ltr' id='par_1_14' title="bbox 364 1257 2017 1335">
     <span class='ocr_line' id='line_1_14' title="bbox 364 1257 2017 1335; baseline -0.002 -19"><span class='ocrx_word' id='word_1_68' title='bbox 364 1259 472 1316; x_wconf 75' lang='grc' dir='ltr'>εἶδε</span> <span class='ocrx_word' id='word_1_69' title='bbox 526 1262 873 1335; x_wconf 83' lang='grc' dir='ltr'>κοιμώμενον</span> <span class='ocrx_word' id='word_1_70' title='bbox 928 1261 1018 1315; x_wconf 84' lang='grc' dir='ltr'>τὸν</span> <span class='ocrx_word' id='word_1_71' title='bbox 1068 1261 1368 1335; x_wconf 71' lang='grc' dir='ltr'>ἄνθρωπον,</span> <span class='ocrx_word' id='word_1_72' title='bbox 1428 1261 1517 1315; x_wconf 82' lang='grc' dir='ltr'>καὶ</span> <span class='ocrx_word' id='word_1_73' title='bbox 1589 1263 1662 1333; x_wconf 74' lang='grc' dir='ltr'>μή</span> <span class='ocrx_word' id='word_1_74' title='bbox 1722 1257 1901 1314; x_wconf 83' lang='grc' dir='ltr'>εἰδότα</span> <span class='ocrx_word' id='word_1_75' title='bbox 1957 1260 2017 1312; x_wconf 85' lang='grc' dir='ltr'>τὸ</span> 
     </span>
    </p>
   </div>
   <div class='ocr_carea' id='block_1_15' title="bbox 361 1343 2016 1424">
    <p class='ocr_par' dir='ltr' id='par_1_15' title="bbox 361 1343 2016 1424">
     <span class='ocr_line' id='line_1_15' title="bbox 361 1343 2016 1424; baseline -0.001 -21"><span class='ocrx_word' id='word_1_76' title='bbox 361 1347 710 1424; x_wconf 86' lang='grc' dir='ltr'>γιγνόμενον,</span> <span class='ocrx_word' id='word_1_77' title='bbox 775 1349 887 1404; x_wconf 72' lang='grc' dir='ltr'>εἶτα</span> <span class='ocrx_word' id='word_1_78' title='bbox 927 1351 1002 1412; x_wconf 85' lang='grc' dir='ltr'>ὡς</span> <span class='ocrx_word' id='word_1_79' title='bbox 1058 1350 1346 1420; x_wconf 82' lang='grc' dir='ltr'>κατενόησε</span> <span class='ocrx_word' id='word_1_80' title='bbox 1403 1351 1492 1404; x_wconf 79' lang='grc' dir='ltr'>καὶ</span> <span class='ocrx_word' id='word_1_81' title='bbox 1551 1347 1658 1403; x_wconf 72' lang='grc' dir='ltr'>εἶδε</span> <span class='ocrx_word' id='word_1_82' title='bbox 1714 1343 2016 1423; x_wconf 72' lang='grc' dir='ltr'>πρεσϐύτου</span> 
     </span>
    </p>
   </div>
   <div class='ocr_carea' id='block_1_16' title="bbox 361 1433 2018 1514">
    <p class='ocr_par' dir='ltr' id='par_1_16' title="bbox 361 1433 2018 1514">
     <span class='ocr_line' id='line_1_16' title="bbox 361 1433 2018 1514; baseline -0.002 -20"><span class='ocrx_word' id='word_1_83' title='bbox 361 1439 676 1514; x_wconf 81' lang='grc' dir='ltr'>πρόσωπον,</span> <span class='ocrx_word' id='word_1_84' title='bbox 709 1441 798 1494; x_wconf 84' lang='grc' dir='ltr'>καὶ</span> <span class='ocrx_word' id='word_1_85' title='bbox 848 1439 1144 1494; x_wconf 77' lang='grc' dir='ltr'>ἐπισκόπου</span> <span class='ocrx_word' id='word_1_86' title='bbox 1191 1442 1528 1508; x_wconf 77' lang='grc' dir='ltr'>κατάστασιν,</span> <span class='ocrx_word' id='word_1_87' title='bbox 1586 1438 1737 1500; x_wconf 65' lang='grc' dir='ltr'>εὐθὺς</span> <span class='ocrx_word' id='word_1_88' title='bbox 1787 1433 2018 1508; x_wconf 68' lang='grc' dir='ltr'>ἀναϐοή-</span> 
     </span>
    </p>
   </div>
   <div class='ocr_carea' id='block_1_17' title="bbox 361 1523 2015 1603">
    <p class='ocr_par' dir='ltr' id='par_1_17' title="bbox 361 1523 2015 1603">
     <span class='ocr_line' id='line_1_17' title="bbox 361 1523 2015 1603; baseline -0.002 -21"><span class='ocrx_word' id='word_1_89' title='bbox 361 1548 494 1583; x_wconf 86' lang='grc' dir='ltr'>σασα</span> <span class='ocrx_word' id='word_1_90' title='bbox 539 1531 638 1598; x_wconf 81' lang='grc' dir='ltr'>τήν</span> <span class='ocrx_word' id='word_1_91' title='bbox 678 1528 795 1603; x_wconf 89' lang='grc' dir='ltr'>βίαν</span> <span class='ocrx_word' id='word_1_92' title='bbox 828 1523 977 1586; x_wconf 71' lang='grc' dir='ltr'>ἐϐόα.</span> <span class='ocrx_word' id='word_1_93' title='bbox 1032 1528 1261 1584; x_wconf 83' lang='grc' dir='ltr'>Ἐκεῖνοί</span> <span class='ocrx_word' id='word_1_94' title='bbox 1308 1549 1364 1583; x_wconf 91' lang='grc' dir='ltr'>τε</span> <span class='ocrx_word' id='word_1_95' title='bbox 1416 1528 1600 1598; x_wconf 69' lang='grc' dir='ltr'>ἠξίουν</span> <span class='ocrx_word' id='word_1_96' title='bbox 1651 1533 1879 1598; x_wconf 82' lang='grc' dir='ltr'>σιωπᾷν,</span> <span class='ocrx_word' id='word_1_97' title='bbox 1927 1528 2015 1580; x_wconf 84' lang='grc' dir='ltr'>καὶ</span> 
     </span>
    </p>
   </div>
   <div class='ocr_carea' id='block_1_18' title="bbox 359 1615 2018 1692">
    <p class='ocr_par' dir='ltr' id='par_1_18' title="bbox 359 1615 2018 1692">
     <span class='ocr_line' id='line_1_18' title="bbox 359 1615 2018 1692; baseline -0.002 -20"><span class='ocrx_word' id='word_1_98' title='bbox 359 1615 782 1692; x_wconf 85' lang='grc' dir='ltr'>καταψεύδεσθαι</span> <span class='ocrx_word' id='word_1_99' title='bbox 827 1623 923 1672; x_wconf 70' lang='grc' dir='ltr'>τοῦ</span> <span class='ocrx_word' id='word_1_100' title='bbox 976 1617 1307 1674; x_wconf 87' lang='grc' dir='ltr'>ἐπισκόπου.</span> <span class='ocrx_word' id='word_1_101' title='bbox 1361 1617 1598 1692; x_wconf 83' lang='grc' dir='ltr'>Ἡμέρας</span> <span class='ocrx_word' id='word_1_102' title='bbox 1647 1615 1820 1670; x_wconf 84' lang='grc' dir='ltr'>τοίνυν</span> <span class='ocrx_word' id='word_1_103' title='bbox 1873 1636 2018 1690; x_wconf 89' lang='grc' dir='ltr'>γενο-</span> 
     </span>
    </p>
   </div>
   <div class='ocr_carea' id='block_1_19' title="bbox 363 1703 2014 1782">
    <p class='ocr_par' dir='ltr' id='par_1_19' title="bbox 363 1703 2014 1782">
     <span class='ocr_line' id='line_1_19' title="bbox 363 1703 2014 1782; baseline -0.001 -23"><span class='ocrx_word' id='word_1_104' title='bbox 363 1706 550 1779; x_wconf 79' lang='grc' dir='ltr'>μένης,</span> <span class='ocrx_word' id='word_1_105' title='bbox 599 1703 990 1782; x_wconf 80' lang='grc' dir='ltr'>διατεθρύλητο</span> <span class='ocrx_word' id='word_1_106' title='bbox 1019 1707 1081 1761; x_wconf 82' lang='grc' dir='ltr'>τὸ</span> <span class='ocrx_word' id='word_1_107' title='bbox 1123 1713 1372 1782; x_wconf 74' lang='grc' dir='ltr'>πρᾶγμα,</span> <span class='ocrx_word' id='word_1_108' title='bbox 1433 1706 1522 1760; x_wconf 85' lang='grc' dir='ltr'>καὶ</span> <span class='ocrx_word' id='word_1_109' title='bbox 1571 1711 1715 1760; x_wconf 74' lang='grc' dir='ltr'>πᾶσα</span> <span class='ocrx_word' id='word_1_110' title='bbox 1762 1709 1796 1774; x_wconf 82' lang='grc' dir='ltr'>ἡ</span> <span class='ocrx_word' id='word_1_111' title='bbox 1851 1703 2014 1766; x_wconf 83' lang='grc' dir='ltr'>πόλις</span> 
     </span>
    </p>
   </div>
   <div class='ocr_carea' id='block_1_20' title="bbox 357 1794 2014 1872">
    <p class='ocr_par' dir='ltr' id='par_1_20' title="bbox 357 1794 2014 1872">
     <span class='ocr_line' id='line_1_20' title="bbox 357 1794 2014 1872; baseline -0.002 -22"><span class='ocrx_word' id='word_1_112' title='bbox 357 1796 668 1872; x_wconf 69' lang='grc' dir='ltr'>συνέτρεχεν</span> <span class='ocrx_word' id='word_1_113' title='bbox 709 1818 720 1829; x_wconf 94' lang='grc'><strong>·</strong></span> <span class='ocrx_word' id='word_1_114' title='bbox 756 1794 808 1850; x_wconf 72' lang='lat' dir='ltr'>o&#39;i</span> <span class='ocrx_word' id='word_1_115' title='bbox 854 1817 912 1850; x_wconf 92' lang='grc' dir='ltr'>τε</span> <span class='ocrx_word' id='word_1_116' title='bbox 954 1796 1060 1850; x_wconf 89' lang='grc' dir='ltr'>ἀπὸ</span> <span class='ocrx_word' id='word_1_117' title='bbox 1092 1802 1187 1850; x_wconf 76' lang='grc' dir='ltr'>τοῦ</span> <span class='ocrx_word' id='word_1_118' title='bbox 1235 1795 1506 1851; x_wconf 87' lang='grc' dir='ltr'>παλατίου</span> <span class='ocrx_word' id='word_1_119' title='bbox 1556 1795 1843 1864; x_wconf 76' lang='grc' dir='ltr'>ἐκινοῦντο,</span> <span class='ocrx_word' id='word_1_120' title='bbox 1888 1796 2014 1848; x_wconf 88' lang='grc' dir='ltr'>θαυ-</span> 
     </span>
    </p>
   </div>
   <div class='ocr_carea' id='block_1_21' title="bbox 360 1885 2014 1962">
    <p class='ocr_par' dir='ltr' id='par_1_21' title="bbox 360 1885 2014 1962">
     <span class='ocr_line' id='line_1_21' title="bbox 360 1885 2014 1962; baseline -0.001 -23"><span class='ocrx_word' id='word_1_121' title='bbox 360 1886 618 1958; x_wconf 81' lang='grc' dir='ltr'>μάζοντες</span> <span class='ocrx_word' id='word_1_122' title='bbox 649 1886 711 1940; x_wconf 88' lang='grc' dir='ltr'>τὸ</span> <span class='ocrx_word' id='word_1_123' title='bbox 740 1885 1130 1962; x_wconf 83' lang='grc' dir='ltr'>θρυλούμενον,</span> <span class='ocrx_word' id='word_1_124' title='bbox 1164 1887 1254 1940; x_wconf 86' lang='grc' dir='ltr'>καὶ</span> <span class='ocrx_word' id='word_1_125' title='bbox 1297 1885 1569 1956; x_wconf 77' lang='grc' dir='ltr'>ἀξιοῦντες</span> <span class='ocrx_word' id='word_1_126' title='bbox 1608 1886 1682 1957; x_wconf 79' lang='grc' dir='ltr'>μὴ</span> <span class='ocrx_word' id='word_1_127' title='bbox 1735 1885 2014 1953; x_wconf 75' lang='grc' dir='ltr'>σιωπηθῆ-</span> 
     </span>
    </p>
   </div>
   <div class='ocr_carea' id='block_1_22' title="bbox 353 1974 2008 2051">
    <p class='ocr_par' dir='ltr' id='par_1_22' title="bbox 353 1974 2008 2051">
     <span class='ocr_line' id='line_1_22' title="bbox 353 1974 2008 2051; baseline -0.001 -23"><span class='ocrx_word' id='word_1_128' title='bbox 353 1994 436 2028; x_wconf 86' lang='grc' dir='ltr'>ναι</span> <span class='ocrx_word' id='word_1_129' title='bbox 465 1978 652 2031; x_wconf 77' lang='grc' dir='ltr'>τοῦτο.</span> <span class='ocrx_word' id='word_1_130' title='bbox 682 1975 877 2050; x_wconf 88' lang='grc' dir='ltr'>Γέγονε</span> <span class='ocrx_word' id='word_1_131' title='bbox 921 1975 1099 2029; x_wconf 80' lang='grc' dir='ltr'>τοίνυν</span> <span class='ocrx_word' id='word_1_132' title='bbox 1149 1974 1348 2051; x_wconf 85' lang='grc' dir='ltr'>κρίσις,</span> <span class='ocrx_word' id='word_1_133' title='bbox 1396 1975 1485 2028; x_wconf 78' lang='grc' dir='ltr'>καὶ</span> <span class='ocrx_word' id='word_1_134' title='bbox 1519 1976 1546 2029; x_wconf 88' lang='grc' dir='ltr'>ὁ</span> <span class='ocrx_word' id='word_1_135' title='bbox 1599 1975 1693 2047; x_wconf 74' lang='grc' dir='ltr'>μὲν</span> <span class='ocrx_word' id='word_1_136' title='bbox 1724 1976 1836 2046; x_wconf 88' lang='lat'>(87)</span> <span class='ocrx_word' id='word_1_137' title='bbox 1869 1974 2008 2026; x_wconf 76' lang='grc' dir='ltr'>ἐται-</span> 
     </span>
    </p>
   </div>
   <div class='ocr_carea' id='block_1_23' title="bbox 355 2061 2008 2141">
    <p class='ocr_par' dir='ltr' id='par_1_23' title="bbox 355 2061 2008 2141">
     <span class='ocr_line' id='line_1_23' title="bbox 355 2061 2008 2141; baseline -0.002 -23"><span class='ocrx_word' id='word_1_138' title='bbox 355 2062 622 2141; x_wconf 86' lang='grc' dir='ltr'>ροτρόφος</span> <span class='ocrx_word' id='word_1_139' title='bbox 679 2061 881 2139; x_wconf 72' lang='grc' dir='ltr'>ἤλεγξε</span> <span class='ocrx_word' id='word_1_140' title='bbox 936 2063 1062 2126; x_wconf 77' lang='grc' dir='ltr'>τοὺς</span> <span class='ocrx_word' id='word_1_141' title='bbox 1134 2063 1383 2126; x_wconf 80' lang='grc' dir='ltr'>ἐλθόντας</span> <span class='ocrx_word' id='word_1_142' title='bbox 1439 2062 1526 2118; x_wconf 77' lang='grc' dir='ltr'>ἐπὶ</span> <span class='ocrx_word' id='word_1_143' title='bbox 1595 2065 1693 2132; x_wconf 79' lang='grc' dir='ltr'>τήν</span> <span class='ocrx_word' id='word_1_144' title='bbox 1753 2062 1960 2138; x_wconf 77' lang='grc' dir='ltr'>πόρνην</span> <span class='ocrx_word' id='word_1_145' title='bbox 1994 2107 2008 2134; x_wconf 86' lang='grc'>,</span> 
     </span>
    </p>
   </div>
   <div class='ocr_carea' id='block_1_24' title="bbox 354 2150 2009 2230">
    <p class='ocr_par' dir='ltr' id='par_1_24' title="bbox 354 2150 2009 2230">
     <span class='ocr_line' id='line_1_24' title="bbox 354 2150 2009 2230; baseline -0.001 -22"><span class='ocrx_word' id='word_1_146' title='bbox 354 2151 553 2208; x_wconf 83' lang='grc' dir='ltr'>ἐκεῖνοι</span> <span class='ocrx_word' id='word_1_147' title='bbox 586 2150 643 2207; x_wconf 74' lang='grc' dir='ltr'>δὲ</span> <span class='ocrx_word' id='word_1_148' title='bbox 687 2154 778 2208; x_wconf 87' lang='grc' dir='ltr'>τὸν</span> <span class='ocrx_word' id='word_1_149' title='bbox 829 2154 1097 2230; x_wconf 89' lang='grc' dir='ltr'>Στέφανον</span> <span class='ocrx_word' id='word_1_150' title='bbox 1135 2172 1147 2184; x_wconf 92' lang='grc'><strong>·</strong></span> <span class='ocrx_word' id='word_1_151' title='bbox 1181 2155 1314 2223; x_wconf 82' lang='grc' dir='ltr'>ἦσαν</span> <span class='ocrx_word' id='word_1_152' title='bbox 1361 2155 1465 2229; x_wconf 75' lang='grc' dir='ltr'>γὰρ</span> <span class='ocrx_word' id='word_1_153' title='bbox 1516 2151 1678 2206; x_wconf 73' lang='grc' dir='ltr'>αὐτοῦ</span> <span class='ocrx_word' id='word_1_154' title='bbox 1726 2151 2009 2228; x_wconf 84' lang='grc' dir='ltr'>κληρικοί.</span> 
     </span>
    </p>
   </div>
   <div class='ocr_carea' id='block_1_25' title="bbox 353 2240 2012 2320">
    <p class='ocr_par' dir='ltr' id='par_1_25' title="bbox 353 2240 2012 2320">
     <span class='ocr_line' id='line_1_25' title="bbox 353 2240 2012 2320; baseline -0.001 -24"><span class='ocrx_word' id='word_1_155' title='bbox 353 2243 410 2296; x_wconf 81' lang='grc' dir='ltr'><strong>Ὀ</strong></span> <span class='ocrx_word' id='word_1_156' title='bbox 440 2243 533 2316; x_wconf 73' lang='grc' dir='ltr'>μὲν</span> <span class='ocrx_word' id='word_1_157' title='bbox 582 2240 672 2296; x_wconf 79' lang='grc' dir='ltr'>οὖν</span> <span class='ocrx_word' id='word_1_158' title='bbox 735 2243 1004 2320; x_wconf 87' lang='grc' dir='ltr'>Στέφανος</span> <span class='ocrx_word' id='word_1_159' title='bbox 1064 2244 1421 2317; x_wconf 84' lang='grc' dir='ltr'>καθαιρεῖται,</span> <span class='ocrx_word' id='word_1_160' title='bbox 1465 2242 1555 2296; x_wconf 83' lang='grc' dir='ltr'>καὶ</span> <span class='ocrx_word' id='word_1_161' title='bbox 1615 2241 1856 2317; x_wconf 89' lang='grc' dir='ltr'>γίγνεται</span> <span class='ocrx_word' id='word_1_162' title='bbox 1905 2240 2012 2295; x_wconf 85' lang='grc' dir='ltr'>ἀντ’</span> 
     </span>
    </p>
   </div>
   <div class='ocr_carea' id='block_1_26' title="bbox 355 2330 2011 2405">
    <p class='ocr_par' dir='ltr' id='par_1_26' title="bbox 355 2330 2011 2405">
     <span class='ocr_line' id='line_1_26' title="bbox 355 2330 2011 2405; baseline -0.001 -19"><span class='ocrx_word' id='word_1_163' title='bbox 355 2331 520 2386; x_wconf 71' lang='grc' dir='ltr'>αὐτοῦ</span> <span class='ocrx_word' id='word_1_164' title='bbox 570 2331 822 2394; x_wconf 86' lang='grc' dir='ltr'>Λεόντιος</span> <span class='ocrx_word' id='word_1_165' title='bbox 856 2333 883 2386; x_wconf 85' lang='grc' dir='ltr'>ὁ</span> <span class='ocrx_word' id='word_1_166' title='bbox 914 2331 1217 2401; x_wconf 84' lang='grc' dir='ltr'>ἀπόκοπος,</span> <span class='ocrx_word' id='word_1_167' title='bbox 1255 2330 1347 2387; x_wconf 68' lang='grc' dir='ltr'>’ίνα</span> <span class='ocrx_word' id='word_1_168' title='bbox 1389 2331 1563 2405; x_wconf 85' lang='grc' dir='ltr'>μόντν”</span> <span class='ocrx_word' id='word_1_169' title='bbox 1599 2332 1674 2404; x_wconf 79' lang='grc' dir='ltr'>μὴ</span> <span class='ocrx_word' id='word_1_170' title='bbox 1733 2331 1896 2405; x_wconf 82' lang='grc' dir='ltr'>λείπῃ</span> <span class='ocrx_word' id='word_1_171' title='bbox 1942 2333 2011 2404; x_wconf 81' lang='grc' dir='ltr'>τῇ</span> 
     </span>
    </p>
   </div>
   <div class='ocr_carea' id='block_1_27' title="bbox 355 2421 1203 2496">
    <p class='ocr_par' dir='ltr' id='par_1_27' title="bbox 355 2421 1203 2496">
     <span class='ocr_line' id='line_1_27' title="bbox 355 2421 1203 2496; baseline 0.002 -20"><span class='ocrx_word' id='word_1_172' title='bbox 355 2424 605 2496; x_wconf 81' lang='grc' dir='ltr'>’Δρειανῇ</span> <span class='ocrx_word' id='word_1_173' title='bbox 639 2421 841 2496; x_wconf 70' lang='grc' dir='ltr'>αἱρέσει</span> <span class='ocrx_word' id='word_1_174' title='bbox 871 2422 1203 2496; x_wconf 77' lang='grc' dir='ltr'>προστάτης.</span> 
     </span>
    </p>
   </div>
   <div class='ocr_carea' id='block_1_28' title="bbox 423 2508 2014 2588">
    <p class='ocr_par' dir='ltr' id='par_1_28' title="bbox 423 2508 2014 2588">
     <span class='ocr_line' id='line_1_28' title="bbox 423 2508 2014 2588; baseline -0.003 -21"><span class='ocrx_word' id='word_1_175' title='bbox 423 2515 597 2569; x_wconf 77' lang='grc' dir='ltr'><strong>21.⁴Ο</strong></span> <span class='ocrx_word' id='word_1_176' title='bbox 642 2508 699 2566; x_wconf 76' lang='grc' dir='ltr'>δὲ</span> <span class='ocrx_word' id='word_1_177' title='bbox 761 2510 1013 2588; x_wconf 69' lang='grc' dir='ltr'>βασιλεὺς</span> <span class='ocrx_word' id='word_1_178' title='bbox 1071 2511 1433 2572; x_wconf 84' lang='grc' dir='ltr'>Κωνστάντισς</span> <span class='ocrx_word' id='word_1_179' title='bbox 1497 2508 1688 2584; x_wconf 80' lang='grc' dir='ltr'>ὀλίγον</span> <span class='ocrx_word' id='word_1_180' title='bbox 1742 2531 1794 2564; x_wconf 90' lang='grc' dir='ltr'>τι</span> <span class='ocrx_word' id='word_1_181' title='bbox 1853 2529 2014 2564; x_wconf 88' lang='grc' dir='ltr'>κατα-</span> 
     </span>
    </p>
   </div>
   <div class='ocr_carea' id='block_1_29' title="bbox 354 2597 2014 2676">
    <p class='ocr_par' dir='ltr' id='par_1_29' title="bbox 354 2597 2014 2676">
     <span class='ocr_line' id='line_1_29' title="bbox 354 2597 2014 2676; baseline 0 -22"><span class='ocrx_word' id='word_1_182' title='bbox 354 2600 554 2676; x_wconf 80' lang='grc' dir='ltr'>νυγεὶς,</span> <span class='ocrx_word' id='word_1_183' title='bbox 588 2601 662 2662; x_wconf 84' lang='grc' dir='ltr'>εἷς</span> <span class='ocrx_word' id='word_1_184' title='bbox 696 2601 881 2656; x_wconf 70' lang='grc' dir='ltr'>ἑαυτὸν</span> <span class='ocrx_word' id='word_1_185' title='bbox 913 2601 1050 2670; x_wconf 75' lang='grc' dir='ltr'>ἦλθε</span> <span class='ocrx_word' id='word_1_186' title='bbox 1079 2619 1090 2631; x_wconf 91' lang='grc'>·</span> <span class='ocrx_word' id='word_1_187' title='bbox 1125 2599 1482 2676; x_wconf 86' lang='grc' dir='ltr'>λογισάμενός</span> <span class='ocrx_word' id='word_1_188' title='bbox 1536 2621 1614 2672; x_wconf 74' lang='grc' dir='ltr'>τε,</span> <span class='ocrx_word' id='word_1_189' title='bbox 1665 2599 1715 2670; x_wconf 79' lang='grc' dir='ltr'>ἐξ</span> <span class='ocrx_word' id='word_1_190' title='bbox 1747 2601 1819 2653; x_wconf 83' lang='grc' dir='ltr'>ὧν</span> <span class='ocrx_word' id='word_1_191' title='bbox 1853 2597 2014 2676; x_wconf 80' lang='grc' dir='ltr'>ἐδρα-</span> 
     </span>
    </p>
   </div>
   <div class='ocr_carea' id='block_1_30' title="bbox 357 2687 2013 2768">
    <p class='ocr_par' dir='ltr' id='par_1_30' title="bbox 357 2687 2013 2768">
     <span class='ocr_line' id='line_1_30' title="bbox 357 2687 2013 2768; baseline -0.001 -23"><span class='ocrx_word' id='word_1_192' title='bbox 357 2711 449 2745; x_wconf 87' lang='grc' dir='ltr'>σαν</span> <span class='ocrx_word' id='word_1_193' title='bbox 502 2695 583 2763; x_wconf 80' lang='grc' dir='ltr'>τῷ</span> <span class='ocrx_word' id='word_1_194' title='bbox 623 2690 898 2768; x_wconf 75' lang='grc' dir='ltr'>Εὐφράτῃ,</span> <span class='ocrx_word' id='word_1_195' title='bbox 956 2690 1040 2745; x_wconf 81' lang='grc' dir='ltr'>ὅτι</span> <span class='ocrx_word' id='word_1_196' title='bbox 1089 2692 1178 2744; x_wconf 82' lang='grc' dir='ltr'>καὶ</span> <span class='ocrx_word' id='word_1_197' title='bbox 1227 2692 1295 2745; x_wconf 74' lang='grc' dir='ltr'>τά</span> <span class='ocrx_word' id='word_1_198' title='bbox 1347 2691 1484 2745; x_wconf 85' lang='grc' dir='ltr'>κατά</span> <span class='ocrx_word' id='word_1_199' title='bbox 1531 2695 1637 2744; x_wconf 77' lang='grc' dir='ltr'>τῶν</span> <span class='ocrx_word' id='word_1_200' title='bbox 1685 2687 1870 2745; x_wconf 77' lang='grc' dir='ltr'>ἄλλων</span> <span class='ocrx_word' id='word_1_201' title='bbox 1901 2691 2013 2764; x_wconf 84' lang='grc'>(88)</span> 
     </span>
    </p>
   </div>
   <div class='ocr_carea' id='block_1_31' title="bbox 356 2777 2011 2856">
    <p class='ocr_par' dir='ltr' id='par_1_31' title="bbox 356 2777 2011 2856">
     <span class='ocr_line' id='line_1_31' title="bbox 356 2777 2011 2856; baseline -0.001 -22"><span class='ocrx_word' id='word_1_202' title='bbox 356 2777 763 2856; x_wconf 79' lang='grc' dir='ltr'>ἐπιχειρήματα</span> <span class='ocrx_word' id='word_1_203' title='bbox 818 2781 1045 2834; x_wconf 72' lang='grc' dir='ltr'>τοιαύτά</span> <span class='ocrx_word' id='word_1_204' title='bbox 1104 2778 1235 2848; x_wconf 87' lang='grc' dir='ltr'>ἐστι,</span> <span class='ocrx_word' id='word_1_205' title='bbox 1307 2779 1434 2841; x_wconf 72' lang='grc' dir='ltr'>τοὺς</span> <span class='ocrx_word' id='word_1_206' title='bbox 1501 2780 1594 2852; x_wconf 74' lang='grc' dir='ltr'>μέν</span> <span class='ocrx_word' id='word_1_207' title='bbox 1653 2778 2011 2852; x_wconf 79' lang='grc' dir='ltr'>ἐξορισθέντας</span> 
     </span>
    </p>
   </div>
   <div class='ocr_carea' id='block_1_32' title="bbox 351 2863 2014 2948">
    <p class='ocr_par' dir='ltr' id='par_1_32' title="bbox 351 2863 2014 2945">
     <span class='ocr_line' id='line_1_32' title="bbox 351 2863 2014 2945; baseline -0.001 -21"><span class='ocrx_word' id='word_1_208' title='bbox 351 2867 458 2923; x_wconf 83' lang='grc' dir='ltr'>ἀπὸ</span> <span class='ocrx_word' id='word_1_209' title='bbox 513 2876 614 2938; x_wconf 78' lang='grc' dir='ltr'>τῆς</span> <span class='ocrx_word' id='word_1_210' title='bbox 665 2867 1070 2944; x_wconf 19' lang='grc' dir='ltr'>’Δτλεξανδρείας</span> <span class='ocrx_word' id='word_1_211' title='bbox 1125 2869 1200 2931; x_wconf 83' lang='grc' dir='ltr'>εἷς</span> <span class='ocrx_word' id='word_1_212' title='bbox 1245 2871 1344 2938; x_wconf 76' lang='grc' dir='ltr'>τὴν</span> <span class='ocrx_word' id='word_1_213' title='bbox 1391 2869 1676 2945; x_wconf 81' lang='grc' dir='ltr'>Ἀρμενίαν</span> <span class='ocrx_word' id='word_1_214' title='bbox 1719 2863 2014 2943; x_wconf 74' lang='grc' dir='ltr'>πρεσϐυτέ-</span> 
     </span>
    </p>
   </div>
   <div class='ocr_carea' id='block_1_33' title="bbox 351 2954 2014 3034">
    <p class='ocr_par' dir='ltr' id='par_1_33' title="bbox 351 2954 2014 3034">
     <span class='ocr_line' id='line_1_33' title="bbox 351 2954 2014 3034; baseline 0.001 -23"><span class='ocrx_word' id='word_1_215' title='bbox 351 2977 477 3032; x_wconf 87' lang='grc' dir='ltr'>ρους</span> <span class='ocrx_word' id='word_1_216' title='bbox 510 2958 598 3012; x_wconf 85' lang='grc' dir='ltr'>καὶ</span> <span class='ocrx_word' id='word_1_217' title='bbox 650 2954 952 3021; x_wconf 83' lang='grc' dir='ltr'>διακόνους,</span> <span class='ocrx_word' id='word_1_218' title='bbox 1007 2957 1160 3019; x_wconf 74' lang='grc' dir='ltr'>εὐθὺς</span> <span class='ocrx_word' id='word_1_219' title='bbox 1207 2957 1545 3026; x_wconf 75' lang='grc' dir='ltr'>ἀπολυθῆναι</span> <span class='ocrx_word' id='word_1_220' title='bbox 1596 2957 1827 3016; x_wconf 86' lang='grc' dir='ltr'>κελεύει,</span> <span class='ocrx_word' id='word_1_221' title='bbox 1881 2959 2014 3034; x_wconf 87' lang='grc' dir='ltr'>Γρά-</span> 
     </span>
    </p>
   </div>
   <div class='ocr_carea' id='block_1_34' title="bbox 349 3043 2008 3124">
    <p class='ocr_par' dir='ltr' id='par_1_34' title="bbox 349 3043 2008 3124">
     <span class='ocr_line' id='line_1_34' title="bbox 349 3043 2008 3124; baseline -0.001 -23"><span class='ocrx_word' id='word_1_222' title='bbox 349 3067 434 3124; x_wconf 86' lang='grc' dir='ltr'>φει</span> <span class='ocrx_word' id='word_1_223' title='bbox 464 3067 523 3101; x_wconf 84' lang='grc' dir='ltr'>τε</span> <span class='ocrx_word' id='word_1_224' title='bbox 581 3047 656 3109; x_wconf 84' lang='grc' dir='ltr'>εἷς</span> <span class='ocrx_word' id='word_1_225' title='bbox 707 3044 1110 3120; x_wconf 81' lang='grc' dir='ltr'>Ἀλεξάνδρειαν</span> <span class='ocrx_word' id='word_1_226' title='bbox 1159 3050 1419 3124; x_wconf 74' lang='grc' dir='ltr'>φανερῶς,</span> <span class='ocrx_word' id='word_1_227' title='bbox 1477 3047 1673 3118; x_wconf 80' lang='grc' dir='ltr'>μηκέτι</span> <span class='ocrx_word' id='word_1_228' title='bbox 1724 3043 2008 3100; x_wconf 85' lang='grc' dir='ltr'>διώκεσθαι</span> 
     </span>
    </p>
   </div>
   <div class='ocr_carea' id='block_1_35' title="bbox 345 3133 2007 3209">
    <p class='ocr_par' dir='ltr' id='par_1_35' title="bbox 345 3133 2007 3209">
     <span class='ocr_line' id='line_1_35' title="bbox 345 3133 2007 3209; baseline -0.002 -18"><span class='ocrx_word' id='word_1_229' title='bbox 345 3134 472 3198; x_wconf 90' lang='grc' dir='ltr'>τούς</span> <span class='ocrx_word' id='word_1_230' title='bbox 526 3137 660 3209; x_wconf 71' lang='grc' dir='ltr'>μετὰ</span> <span class='ocrx_word' id='word_1_231' title='bbox 712 3135 1024 3190; x_wconf 85' lang='grc' dir='ltr'>Ἀθανασίου</span> <span class='ocrx_word' id='word_1_232' title='bbox 1075 3133 1376 3208; x_wconf 74' lang='grc' dir='ltr'>κληρικούς</span> <span class='ocrx_word' id='word_1_233' title='bbox 1422 3155 1482 3188; x_wconf 90' lang='grc' dir='ltr'>τε</span> <span class='ocrx_word' id='word_1_234' title='bbox 1530 3135 1619 3188; x_wconf 81' lang='grc' dir='ltr'>καὶ</span> <span class='ocrx_word' id='word_1_235' title='bbox 1677 3133 1843 3195; x_wconf 85' lang='grc' dir='ltr'>λαούς</span> <span class='ocrx_word' id='word_1_236' title='bbox 1873 3137 2007 3207; x_wconf 85' lang='grc'>(89),</span> 
     </span>
    </p>
   </div>
   <div class='ocr_carea' id='block_1_36' title="bbox 353 3221 2010 3298">
    <p class='ocr_par' dir='ltr' id='par_1_36' title="bbox 353 3221 2010 3298">
     <span class='ocr_line' id='line_1_36' title="bbox 353 3221 2010 3298; baseline -0.001 -18"><span class='ocrx_word' id='word_1_237' title='bbox 353 3225 483 3280; x_wconf 80' lang='grc' dir='ltr'>Εἶτα</span> <span class='ocrx_word' id='word_1_238' title='bbox 556 3225 689 3298; x_wconf 85' lang='grc' dir='ltr'>μετά</span> <span class='ocrx_word' id='word_1_239' title='bbox 744 3226 914 3297; x_wconf 80' lang='grc' dir='ltr'>μῆνάς</span> <span class='ocrx_word' id='word_1_240' title='bbox 973 3245 1077 3278; x_wconf 90' lang='grc' dir='ltr'>που</span> <span class='ocrx_word' id='word_1_241' title='bbox 1136 3221 1264 3279; x_wconf 84' lang='grc' dir='ltr'>δέκα</span> <span class='ocrx_word' id='word_1_242' title='bbox 1318 3222 1739 3293; x_wconf 72' lang='grc' dir='ltr'>τελευτήσαντος</span> <span class='ocrx_word' id='word_1_243' title='bbox 1803 3230 2010 3298; x_wconf 77' lang='grc' dir='ltr'>Γρηγο-</span> 
     </span>
    </p>
   </div>
   <div class='ocr_carea' id='block_1_37' title="bbox 352 3313 2006 3390">
    <p class='ocr_par' dir='ltr' id='par_1_37' title="bbox 352 3313 2006 3390">
     <span class='ocr_line' id='line_1_37' title="bbox 352 3313 2006 3390; baseline 0 -23"><span class='ocrx_word' id='word_1_244' title='bbox 352 3313 474 3390; x_wconf 89' lang='grc' dir='ltr'>ρίου</span> <span class='ocrx_word' id='word_1_245' title='bbox 507 3315 641 3388; x_wconf 82' lang='grc'>(90),</span> <span class='ocrx_word' id='word_1_246' title='bbox 690 3314 1094 3387; x_wconf 82' lang='grc' dir='ltr'>μεταπέμπεται</span> <span class='ocrx_word' id='word_1_247' title='bbox 1149 3313 1240 3367; x_wconf 83' lang='grc' dir='ltr'>καὶ</span> <span class='ocrx_word' id='word_1_248' title='bbox 1288 3314 1598 3367; x_wconf 86' lang='grc' dir='ltr'>Ἀθανάσιον</span> <span class='ocrx_word' id='word_1_249' title='bbox 1650 3314 1783 3385; x_wconf 81' lang='grc' dir='ltr'>μετὰ</span> <span class='ocrx_word' id='word_1_250' title='bbox 1830 3314 2006 3383; x_wconf 80' lang='grc' dir='ltr'>πάσης</span> 
     </span>
    </p>
   </div>
   <div class='ocr_carea' id='block_1_38' title="bbox 2137 725 3789 797">
    <p class='ocr_par' dir='ltr' id='par_1_38' title="bbox 2137 725 3789 797">
     <span class='ocr_line' id='line_1_38' title="bbox 2137 725 3789 797; baseline 0.002 -18"><span class='ocrx_word' id='word_1_251' title='bbox 2137 741 2250 796; x_wconf 90' lang='lat' dir='ltr'>que</span> <span class='ocrx_word' id='word_1_252' title='bbox 2274 727 2658 797; x_wconf 84' lang='lat' dir='ltr'>meretricem,</span> <span class='ocrx_word' id='word_1_253' title='bbox 2693 727 2837 797; x_wconf 83' lang='lat' dir='ltr'>ipsis</span> <span class='ocrx_word' id='word_1_254' title='bbox 2862 727 3222 782; x_wconf 83' lang='lat' dir='ltr'>sanctissimi</span> <span class='ocrx_word' id='word_1_255' title='bbox 3247 725 3548 782; x_wconf 87' lang='lat' dir='ltr'>Paschatis</span> <span class='ocrx_word' id='word_1_256' title='bbox 3581 726 3789 783; x_wconf 90' lang='lat' dir='ltr'>diebus</span> 
     </span>
    </p>
   </div>
   <div class='ocr_carea' id='block_1_39' title="bbox 2135 815 3790 887">
    <p class='ocr_par' dir='ltr' id='par_1_39' title="bbox 2135 815 3790 887">
     <span class='ocr_line' id='line_1_39' title="bbox 2135 815 3790 887; baseline 0.001 -19"><span class='ocrx_word' id='word_1_257' title='bbox 2135 815 2399 869; x_wconf 83' lang='lat' dir='ltr'>mercede</span> <span class='ocrx_word' id='word_1_258' title='bbox 2417 817 2969 886; x_wconf 89' lang='lat' dir='ltr'>conductam,noctu</span> <span class='ocrx_word' id='word_1_259' title='bbox 2993 817 3062 871; x_wconf 90' lang='lat' dir='ltr'>ad</span> <span class='ocrx_word' id='word_1_260' title='bbox 3077 815 3432 887; x_wconf 85' lang='lat' dir='ltr'>Euphratem</span> <span class='ocrx_word' id='word_1_261' title='bbox 3448 815 3790 887; x_wconf 88' lang='lat' dir='ltr'>episcopum</span> 
     </span>
    </p>
   </div>
   <div class='ocr_carea' id='block_1_40' title="bbox 2133 904 3789 977">
    <p class='ocr_par' dir='ltr' id='par_1_40' title="bbox 2133 904 3789 977">
     <span class='ocr_line' id='line_1_40' title="bbox 2133 904 3789 977; baseline 0.002 -19"><span class='ocrx_word' id='word_1_262' title='bbox 2133 905 2414 959; x_wconf 85' lang='lat' dir='ltr'>nudatam</span> <span class='ocrx_word' id='word_1_263' title='bbox 2432 904 2778 959; x_wconf 81' lang='lat' dir='ltr'>immittunt.</span> <span class='ocrx_word' id='word_1_264' title='bbox 2805 905 3073 960; x_wconf 81' lang='lat' dir='ltr'>Meretrix</span> <span class='ocrx_word' id='word_1_265' title='bbox 3094 922 3222 977; x_wconf 73' lang='lat' dir='ltr'>quae</span> <span class='ocrx_word' id='word_1_266' title='bbox 3251 921 3311 960; x_wconf 90' lang='lat' dir='ltr'>se</span> <span class='ocrx_word' id='word_1_267' title='bbox 3334 905 3500 959; x_wconf 89' lang='lat' dir='ltr'>initio</span> <span class='ocrx_word' id='word_1_268' title='bbox 3525 923 3558 961; x_wconf 91' lang='lat' dir='ltr'>a</span> <span class='ocrx_word' id='word_1_269' title='bbox 3577 906 3789 975; x_wconf 89' lang='lat' dir='ltr'>juvene</span> 
     </span>
    </p>
   </div>
   <div class='ocr_carea' id='block_1_41' title="bbox 2133 993 3787 1066">
    <p class='ocr_par' dir='ltr' id='par_1_41' title="bbox 2133 993 3787 1066">
     <span class='ocr_line' id='line_1_41' title="bbox 2133 993 3787 1066; baseline 0.001 -17"><span class='ocrx_word' id='word_1_270' title='bbox 2133 993 2378 1049; x_wconf 85' lang='lat' dir='ltr'>accitam</span> <span class='ocrx_word' id='word_1_271' title='bbox 2392 994 2952 1065; x_wconf 80' lang='lat' dir='ltr'>existimabat,prom</span> <span class='ocrx_word' id='word_1_272' title='bbox 2963 1000 3056 1066; x_wconf 86' lang='lat' dir='ltr'>pte</span> <span class='ocrx_word' id='word_1_273' title='bbox 3075 995 3430 1066; x_wconf 86' lang='lat' dir='ltr'>sequebatur</span> <span class='ocrx_word' id='word_1_274' title='bbox 3445 1013 3457 1062; x_wconf 87' lang='lat'><strong>;</strong></span> <span class='ocrx_word' id='word_1_275' title='bbox 3474 994 3575 1049; x_wconf 93' lang='lat' dir='ltr'>ubi</span> <span class='ocrx_word' id='word_1_276' title='bbox 3589 998 3787 1050; x_wconf 89' lang='lat' dir='ltr'>autem</span> 
     </span>
    </p>
   </div>
   <div class='ocr_carea' id='block_1_42' title="bbox 2131 1083 3785 1154">
    <p class='ocr_par' dir='ltr' id='par_1_42' title="bbox 2131 1083 3785 1154">
     <span class='ocr_line' id='line_1_42' title="bbox 2131 1083 3785 1154; baseline 0.001 -17"><span class='ocrx_word' id='word_1_277' title='bbox 2131 1083 2476 1140; x_wconf 88' lang='lat' dir='ltr'>intromissa</span> <span class='ocrx_word' id='word_1_278' title='bbox 2505 1085 2576 1139; x_wconf 91' lang='lat' dir='ltr'>ab</span> <span class='ocrx_word' id='word_1_279' title='bbox 2609 1084 2745 1154; x_wconf 89' lang='lat' dir='ltr'>illis,</span> <span class='ocrx_word' id='word_1_280' title='bbox 2780 1084 3168 1140; x_wconf 88' lang='lat' dir='ltr'>dormientem</span> <span class='ocrx_word' id='word_1_281' title='bbox 3201 1084 3346 1138; x_wconf 89' lang='lat' dir='ltr'>vidit</span> <span class='ocrx_word' id='word_1_282' title='bbox 3374 1083 3699 1149; x_wconf 87' lang='lat' dir='ltr'>hominem,</span> <span class='ocrx_word' id='word_1_283' title='bbox 3719 1099 3785 1139; x_wconf 89' lang='lat' dir='ltr'>ac</span> 
     </span>
    </p>
   </div>
   <div class='ocr_carea' id='block_1_43' title="bbox 2131 1172 3783 1245">
    <p class='ocr_par' dir='ltr' id='par_1_43' title="bbox 2131 1172 3783 1245">
     <span class='ocr_line' id='line_1_43' title="bbox 2131 1172 3783 1245; baseline -0.001 -18"><span class='ocrx_word' id='word_1_284' title='bbox 2131 1172 2212 1228; x_wconf 88' lang='lat' dir='ltr'>rei</span> <span class='ocrx_word' id='word_1_285' title='bbox 2245 1189 2372 1244; x_wconf 85' lang='lat' dir='ltr'>quae</span> <span class='ocrx_word' id='word_1_286' title='bbox 2393 1173 2674 1245; x_wconf 84' lang='lat' dir='ltr'>agebatur</span> <span class='ocrx_word' id='word_1_287' title='bbox 2690 1173 2981 1244; x_wconf 87' lang='lat' dir='ltr'>ignarum,</span> <span class='ocrx_word' id='word_1_288' title='bbox 3006 1172 3217 1228; x_wconf 88' lang='lat' dir='ltr'>dehinc</span> <span class='ocrx_word' id='word_1_289' title='bbox 3239 1189 3437 1228; x_wconf 90' lang='lat' dir='ltr'>senem</span> <span class='ocrx_word' id='word_1_290' title='bbox 3459 1172 3783 1240; x_wconf 87' lang='lat' dir='ltr'>hominem,</span> 
     </span>
    </p>
   </div>
   <div class='ocr_carea' id='block_1_44' title="bbox 2130 1261 3782 1334">
    <p class='ocr_par' dir='ltr' id='par_1_44' title="bbox 2130 1261 3782 1334">
     <span class='ocr_line' id='line_1_44' title="bbox 2130 1261 3782 1334; baseline -0.002 -17"><span class='ocrx_word' id='word_1_291' title='bbox 2130 1278 2196 1317; x_wconf 87' lang='lat' dir='ltr'>ac</span> <span class='ocrx_word' id='word_1_292' title='bbox 2226 1262 2481 1333; x_wconf 87' lang='lat' dir='ltr'>episcopi</span> <span class='ocrx_word' id='word_1_293' title='bbox 2515 1262 2763 1317; x_wconf 89' lang='lat' dir='ltr'>formam</span> <span class='ocrx_word' id='word_1_294' title='bbox 2796 1261 3414 1334; x_wconf 88' lang='lat' dir='ltr'>conspicata,clamore</span> <span class='ocrx_word' id='word_1_295' title='bbox 3433 1261 3632 1317; x_wconf 85' lang='lat' dir='ltr'>statim</span> <span class='ocrx_word' id='word_1_296' title='bbox 3655 1261 3782 1316; x_wconf 91' lang='lat' dir='ltr'>edi-</span> 
     </span>
    </p>
   </div>
   <div class='ocr_carea' id='block_1_45' title="bbox 2128 1350 3780 1423">
    <p class='ocr_par' dir='ltr' id='par_1_45' title="bbox 2128 1350 3780 1423">
     <span class='ocr_line' id='line_1_45' title="bbox 2128 1350 3780 1423; baseline 0.001 -19"><span class='ocrx_word' id='word_1_297' title='bbox 2128 1354 2186 1405; x_wconf 92' lang='lat' dir='ltr'>to</span> <span class='ocrx_word' id='word_1_298' title='bbox 2217 1351 2332 1404; x_wconf 87' lang='lat' dir='ltr'>vim</span> <span class='ocrx_word' id='word_1_299' title='bbox 2357 1351 2465 1405; x_wconf 88' lang='lat' dir='ltr'>sibi</span> <span class='ocrx_word' id='word_1_300' title='bbox 2489 1351 2692 1406; x_wconf 86' lang='lat' dir='ltr'>inferri</span> <span class='ocrx_word' id='word_1_301' title='bbox 2718 1352 3204 1422; x_wconf 86' lang='lat' dir='ltr'>conquerebatur.</span> <span class='ocrx_word' id='word_1_302' title='bbox 3239 1352 3458 1423; x_wconf 81' lang='lat' dir='ltr'>Rogare</span> <span class='ocrx_word' id='word_1_303' title='bbox 3481 1350 3565 1406; x_wconf 88' lang='lat' dir='ltr'>illi</span> <span class='ocrx_word' id='word_1_304' title='bbox 3597 1354 3662 1405; x_wconf 93' lang='lat' dir='ltr'>ut</span> <span class='ocrx_word' id='word_1_305' title='bbox 3689 1355 3780 1405; x_wconf 89' lang='lat' dir='ltr'>ta—</span> 
     </span>
    </p>
   </div>
   <div class='ocr_carea' id='block_1_46' title="bbox 2129 1439 3780 1512">
    <p class='ocr_par' dir='ltr' id='par_1_46' title="bbox 2129 1439 3780 1512">
     <span class='ocr_line' id='line_1_46' title="bbox 2129 1439 3780 1512; baseline 0.001 -18"><span class='ocrx_word' id='word_1_306' title='bbox 2129 1444 2300 1507; x_wconf 89' lang='lat' dir='ltr'>ceret,</span> <span class='ocrx_word' id='word_1_307' title='bbox 2335 1440 2762 1511; x_wconf 82' lang='lat' dir='ltr'>conﬁctamque</span> <span class='ocrx_word' id='word_1_308' title='bbox 2791 1440 3257 1495; x_wconf 83' lang='lat' dir='ltr'>criminationem</span> <span class='ocrx_word' id='word_1_309' title='bbox 3291 1440 3561 1512; x_wconf 90' lang='lat' dir='ltr'>episcopo</span> <span class='ocrx_word' id='word_1_310' title='bbox 3590 1439 3780 1512; x_wconf 90' lang='lat' dir='ltr'>impo—</span> 
     </span>
    </p>
   </div>
   <div class='ocr_carea' id='block_1_47' title="bbox 2129 1528 3778 1602">
    <p class='ocr_par' dir='ltr' id='par_1_47' title="bbox 2129 1528 3778 1602">
     <span class='ocr_line' id='line_1_47' title="bbox 2129 1528 3778 1602; baseline 0.001 -19"><span class='ocrx_word' id='word_1_311' title='bbox 2129 1534 2306 1584; x_wconf 86' lang='lat' dir='ltr'>neret.</span> <span class='ocrx_word' id='word_1_312' title='bbox 2343 1529 2444 1585; x_wconf 90' lang='lat' dir='ltr'>Die</span> <span class='ocrx_word' id='word_1_313' title='bbox 2502 1529 2682 1602; x_wconf 85' lang='lat' dir='ltr'>igitur</span> <span class='ocrx_word' id='word_1_314' title='bbox 2739 1528 3112 1585; x_wconf 89' lang='lat' dir='ltr'>illucescente</span> <span class='ocrx_word' id='word_1_315' title='bbox 3169 1529 3509 1601; x_wconf 89' lang='lat' dir='ltr'>pervulgata</span> <span class='ocrx_word' id='word_1_316' title='bbox 3538 1545 3630 1584; x_wconf 91' lang='lat' dir='ltr'>res</span> <span class='ocrx_word' id='word_1_317' title='bbox 3669 1533 3778 1594; x_wconf 89' lang='lat' dir='ltr'>est,</span> 
     </span>
    </p>
   </div>
   <div class='ocr_carea' id='block_1_48' title="bbox 2127 1618 3780 1690">
    <p class='ocr_par' dir='ltr' id='par_1_48' title="bbox 2127 1618 3780 1690">
     <span class='ocr_line' id='line_1_48' title="bbox 2127 1618 3780 1690; baseline -0.001 -16"><span class='ocrx_word' id='word_1_318' title='bbox 2127 1620 2496 1690; x_wconf 88' lang='lat' dir='ltr'>accurritque</span> <span class='ocrx_word' id='word_1_319' title='bbox 2522 1619 2797 1674; x_wconf 88' lang='lat' dir='ltr'>universa</span> <span class='ocrx_word' id='word_1_320' title='bbox 2818 1619 3040 1674; x_wconf 86' lang='lat' dir='ltr'>civitas.</span> <span class='ocrx_word' id='word_1_321' title='bbox 3073 1623 3149 1673; x_wconf 87' lang='lat' dir='ltr'>At</span> <span class='ocrx_word' id='word_1_322' title='bbox 3175 1618 3276 1689; x_wconf 90' lang='lat' dir='ltr'>qui</span> <span class='ocrx_word' id='word_1_323' title='bbox 3306 1635 3336 1674; x_wconf 89' lang='lat' dir='ltr'>e</span> <span class='ocrx_word' id='word_1_324' title='bbox 3357 1618 3570 1690; x_wconf 90' lang='lat' dir='ltr'>palatio</span> <span class='ocrx_word' id='word_1_325' title='bbox 3593 1622 3780 1684; x_wconf 89' lang='lat' dir='ltr'>erant,</span> 
     </span>
    </p>
   </div>
   <div class='ocr_carea' id='block_1_49' title="bbox 2125 1706 3778 1778">
    <p class='ocr_par' dir='ltr' id='par_1_49' title="bbox 2125 1706 3778 1778">
     <span class='ocr_line' id='line_1_49' title="bbox 2125 1706 3778 1778; baseline 0 -16"><span class='ocrx_word' id='word_1_326' title='bbox 2125 1708 2271 1762; x_wconf 90' lang='lat' dir='ltr'>tanti</span> <span class='ocrx_word' id='word_1_327' title='bbox 2296 1708 2550 1763; x_wconf 90' lang='lat' dir='ltr'>rumoris</span> <span class='ocrx_word' id='word_1_328' title='bbox 2573 1711 2815 1778; x_wconf 89' lang='lat' dir='ltr'>stupore</span> <span class='ocrx_word' id='word_1_329' title='bbox 2848 1707 3438 1778; x_wconf 88' lang='lat' dir='ltr'>commoti,rogabant</span> <span class='ocrx_word' id='word_1_330' title='bbox 3453 1713 3520 1763; x_wconf 92' lang='lat' dir='ltr'>ut</span> <span class='ocrx_word' id='word_1_331' title='bbox 3543 1724 3612 1762; x_wconf 91' lang='lat' dir='ltr'>ne</span> <span class='ocrx_word' id='word_1_332' title='bbox 3635 1706 3778 1762; x_wconf 92' lang='lat' dir='ltr'>illud</span> 
     </span>
    </p>
   </div>
   <div class='ocr_carea' id='block_1_50' title="bbox 2126 1796 3779 1868">
    <p class='ocr_par' dir='ltr' id='par_1_50' title="bbox 2126 1796 3779 1868">
     <span class='ocr_line' id='line_1_50' title="bbox 2126 1796 3779 1868; baseline -0.001 -17"><span class='ocrx_word' id='word_1_333' title='bbox 2126 1796 2358 1852; x_wconf 90' lang='lat' dir='ltr'>silentio</span> <span class='ocrx_word' id='word_1_334' title='bbox 2381 1802 2691 1868; x_wconf 85' lang='lat' dir='ltr'>tegeretur.</span> <span class='ocrx_word' id='word_1_335' title='bbox 2723 1798 2784 1851; x_wconf 89' lang='lat' dir='ltr'>In</span> <span class='ocrx_word' id='word_1_336' title='bbox 2811 1798 2911 1867; x_wconf 85' lang='lat' dir='ltr'>jus</span> <span class='ocrx_word' id='word_1_337' title='bbox 2944 1797 3140 1868; x_wconf 88' lang='lat' dir='ltr'>itaque</span> <span class='ocrx_word' id='word_1_338' title='bbox 3173 1813 3264 1851; x_wconf 89' lang='lat' dir='ltr'>res</span> <span class='ocrx_word' id='word_1_339' title='bbox 3296 1800 3558 1866; x_wconf 87' lang='lat' dir='ltr'>vocatur,</span> <span class='ocrx_word' id='word_1_340' title='bbox 3593 1796 3779 1851; x_wconf 92' lang='lat' dir='ltr'>homi-</span> 
     </span>
    </p>
   </div>
   <div class='ocr_carea' id='block_1_51' title="bbox 2125 1885 3784 1958">
    <p class='ocr_par' dir='ltr' id='par_1_51' title="bbox 2125 1885 3784 1958">
     <span class='ocr_line' id='line_1_51' title="bbox 2125 1885 3784 1958; baseline -0.001 -17"><span class='ocrx_word' id='word_1_341' title='bbox 2125 1904 2346 1958; x_wconf 89' lang='lat' dir='ltr'>nesque</span> <span class='ocrx_word' id='word_1_342' title='bbox 2381 1887 2482 1958; x_wconf 92' lang='lat' dir='ltr'>qui</span> <span class='ocrx_word' id='word_1_343' title='bbox 2515 1886 2881 1942; x_wconf 88' lang='lat' dir='ltr'>meretricem</span> <span class='ocrx_word' id='word_1_344' title='bbox 2916 1887 3242 1941; x_wconf 87' lang='lat' dir='ltr'>acciverant</span> <span class='ocrx_word' id='word_1_345' title='bbox 3300 1885 3430 1941; x_wconf 90' lang='lat' dir='ltr'>leno</span> <span class='ocrx_word' id='word_1_346' title='bbox 3486 1886 3784 1958; x_wconf 84' lang='lat' dir='ltr'>prodidit:</span> 
     </span>
    </p>
   </div>
   <div class='ocr_carea' id='block_1_52' title="bbox 2122 1974 3782 2048">
    <p class='ocr_par' dir='ltr' id='par_1_52' title="bbox 2122 1974 3782 2048">
     <span class='ocr_line' id='line_1_52' title="bbox 2122 1974 3782 2048; baseline 0.001 -17"><span class='ocrx_word' id='word_1_347' title='bbox 2122 1977 2206 2032; x_wconf 92' lang='lat' dir='ltr'>illi</span> <span class='ocrx_word' id='word_1_348' title='bbox 2238 1977 2595 2048; x_wconf 88' lang='lat' dir='ltr'>Stephanum</span> <span class='ocrx_word' id='word_1_349' title='bbox 2623 1993 2634 2031; x_wconf 92' lang='lat'>:</span> <span class='ocrx_word' id='word_1_350' title='bbox 2669 1980 2835 2031; x_wconf 90' lang='lat' dir='ltr'>erant</span> <span class='ocrx_word' id='word_1_351' title='bbox 2862 1975 3019 2030; x_wconf 76' lang='lat' dir='ltr'>enin:</span> <span class='ocrx_word' id='word_1_352' title='bbox 3051 1977 3181 2046; x_wconf 84' lang='lat' dir='ltr'>ejus</span> <span class='ocrx_word' id='word_1_353' title='bbox 3204 1974 3419 2031; x_wconf 87' lang='lat' dir='ltr'>clerici.</span> <span class='ocrx_word' id='word_1_354' title='bbox 3447 1975 3782 2048; x_wconf 87' lang='lat' dir='ltr'>Stephanus</span> 
     </span>
    </p>
   </div>
   <div class='ocr_carea' id='block_1_53' title="bbox 2123 2063 3778 2138">
    <p class='ocr_par' dir='ltr' id='par_1_53' title="bbox 2123 2063 3778 2138">
     <span class='ocr_line' id='line_1_53' title="bbox 2123 2063 3778 2138; baseline 0 -16"><span class='ocrx_word' id='word_1_355' title='bbox 2123 2081 2258 2138; x_wconf 89' lang='lat' dir='ltr'>ergo</span> <span class='ocrx_word' id='word_1_356' title='bbox 2289 2065 2628 2137; x_wconf 87' lang='lat' dir='ltr'>episcopatu</span> <span class='ocrx_word' id='word_1_357' title='bbox 2660 2065 2990 2132; x_wconf 88' lang='lat' dir='ltr'>abdicatur,</span> <span class='ocrx_word' id='word_1_358' title='bbox 3020 2064 3077 2118; x_wconf 93' lang='lat' dir='ltr'>in</span> <span class='ocrx_word' id='word_1_359' title='bbox 3102 2065 3351 2135; x_wconf 88' lang='lat' dir='ltr'>ejusque</span> <span class='ocrx_word' id='word_1_360' title='bbox 3374 2063 3566 2120; x_wconf 91' lang='lat' dir='ltr'>locum</span> <span class='ocrx_word' id='word_1_361' title='bbox 3594 2066 3778 2122; x_wconf 91' lang='lat' dir='ltr'>Leon-</span> 
     </span>
    </p>
   </div>
   <div class='ocr_carea' id='block_1_54' title="bbox 2122 2153 3780 2226">
    <p class='ocr_par' dir='ltr' id='par_1_54' title="bbox 2122 2153 3780 2226">
     <span class='ocr_line' id='line_1_54' title="bbox 2122 2153 3780 2226; baseline 0.001 -16"><span class='ocrx_word' id='word_1_362' title='bbox 2122 2155 2241 2210; x_wconf 90' lang='lat' dir='ltr'>tius</span> <span class='ocrx_word' id='word_1_363' title='bbox 2271 2159 2564 2211; x_wconf 90' lang='lat' dir='ltr'>castratus</span> <span class='ocrx_word' id='word_1_364' title='bbox 2598 2154 2910 2219; x_wconf 83' lang='lat' dir='ltr'>sufﬁcitur,</span> <span class='ocrx_word' id='word_1_365' title='bbox 2946 2154 3125 2226; x_wconf 89' lang='lat' dir='ltr'>idque</span> <span class='ocrx_word' id='word_1_366' title='bbox 3153 2170 3218 2209; x_wconf 90' lang='lat' dir='ltr'>eo</span> <span class='ocrx_word' id='word_1_367' title='bbox 3250 2153 3442 2210; x_wconf 88' lang='lat' dir='ltr'>solum</span> <span class='ocrx_word' id='word_1_368' title='bbox 3462 2171 3534 2210; x_wconf 89' lang='lat' dir='ltr'>ne</span> <span class='ocrx_word' id='word_1_369' title='bbox 3550 2155 3780 2211; x_wconf 84' lang='lat' dir='ltr'>Arianae</span> 
     </span>
    </p>
   </div>
   <div class='ocr_carea' id='block_1_55' title="bbox 2121 2244 2919 2317">
    <p class='ocr_par' dir='ltr' id='par_1_55' title="bbox 2121 2244 2919 2317">
     <span class='ocr_line' id='line_1_55' title="bbox 2121 2244 2919 2317; baseline -0.003 -17"><span class='ocrx_word' id='word_1_370' title='bbox 2121 2245 2328 2301; x_wconf 71' lang='lat' dir='ltr'>haeresi</span> <span class='ocrx_word' id='word_1_371' title='bbox 2361 2248 2642 2317; x_wconf 83' lang='lat' dir='ltr'>patronus</span> <span class='ocrx_word' id='word_1_372' title='bbox 2673 2244 2919 2300; x_wconf 87' lang='lat' dir='ltr'>deesset.</span> 
     </span>
    </p>
   </div>
   <div class='ocr_carea' id='block_1_56' title="bbox 2192 2511 3776 2585">
    <p class='ocr_par' dir='ltr' id='par_1_56' title="bbox 2192 2511 3776 2585">
     <span class='ocr_line' id='line_1_56' title="bbox 2192 2511 3776 2585; baseline 0.001 -17"><span class='ocrx_word' id='word_1_373' title='bbox 2192 2514 2281 2568; x_wconf 88' lang='grc'>21.</span> <span class='ocrx_word' id='word_1_374' title='bbox 2316 2517 2491 2568; x_wconf 91' lang='lat' dir='ltr'>Porro</span> <span class='ocrx_word' id='word_1_375' title='bbox 2524 2513 2842 2585; x_wconf 88' lang='lat' dir='ltr'>imperator</span> <span class='ocrx_word' id='word_1_376' title='bbox 2869 2512 3264 2580; x_wconf 88' lang='lat' dir='ltr'>Constantius,</span> <span class='ocrx_word' id='word_1_377' title='bbox 3284 2511 3585 2585; x_wconf 85' lang='lat' dir='ltr'>paulisper</span> <span class='ocrx_word' id='word_1_378' title='bbox 3617 2529 3776 2570; x_wconf 87' lang='lat' dir='ltr'>com-</span> 
     </span>
    </p>
   </div>
   <div class='ocr_carea' id='block_1_57' title="bbox 2123 2600 3778 2674">
    <p class='ocr_par' dir='ltr' id='par_1_57' title="bbox 2123 2600 3778 2674">
     <span class='ocr_line' id='line_1_57' title="bbox 2123 2600 3778 2674; baseline -0.001 -17"><span class='ocrx_word' id='word_1_379' title='bbox 2123 2601 2477 2674; x_wconf 90' lang='lat' dir='ltr'>punctus,ad</span> <span class='ocrx_word' id='word_1_380' title='bbox 2512 2618 2573 2656; x_wconf 91' lang='lat' dir='ltr'>se</span> <span class='ocrx_word' id='word_1_381' title='bbox 2603 2600 2774 2656; x_wconf 88' lang='lat' dir='ltr'>rediit</span> <span class='ocrx_word' id='word_1_382' title='bbox 2798 2616 3068 2672; x_wconf 90' lang='lat' dir='ltr'>:remque</span> <span class='ocrx_word' id='word_1_383' title='bbox 3093 2601 3152 2656; x_wconf 91' lang='lat' dir='ltr'>in</span> <span class='ocrx_word' id='word_1_384' title='bbox 3171 2600 3526 2672; x_wconf 83' lang='lat' dir='ltr'>Euphratem</span> <span class='ocrx_word' id='word_1_385' title='bbox 3549 2606 3778 2674; x_wconf 86' lang='lat' dir='ltr'>gestam</span> 
     </span>
    </p>
   </div>
   <div class='ocr_carea' id='block_1_58' title="bbox 2123 2689 3779 2763">
    <p class='ocr_par' dir='ltr' id='par_1_58' title="bbox 2123 2689 3779 2763">
     <span class='ocr_line' id='line_1_58' title="bbox 2123 2689 3779 2763; baseline -0.001 -16"><span class='ocrx_word' id='word_1_386' title='bbox 2123 2708 2321 2747; x_wconf 90' lang='lat' dir='ltr'>secum</span> <span class='ocrx_word' id='word_1_387' title='bbox 2358 2696 2658 2763; x_wconf 88' lang='lat' dir='ltr'>reputans,</span> <span class='ocrx_word' id='word_1_388' title='bbox 2691 2691 2982 2762; x_wconf 86' lang='lat' dir='ltr'>ejusmodi</span> <span class='ocrx_word' id='word_1_389' title='bbox 3014 2706 3142 2748; x_wconf 90' lang='lat' dir='ltr'>esse</span> <span class='ocrx_word' id='word_1_390' title='bbox 3197 2689 3433 2746; x_wconf 89' lang='lat' dir='ltr'>illorum</span> <span class='ocrx_word' id='word_1_391' title='bbox 3465 2691 3779 2746; x_wconf 89' lang='lat' dir='ltr'>adversum</span> 
     </span>
    </p>
   </div>
   <div class='ocr_carea' id='block_1_59' title="bbox 2125 2779 3776 2852">
    <p class='ocr_par' dir='ltr' id='par_1_59' title="bbox 2125 2779 3776 2852">
     <span class='ocr_line' id='line_1_59' title="bbox 2125 2779 3776 2852; baseline -0.001 -16"><span class='ocrx_word' id='word_1_392' title='bbox 2125 2786 2360 2836; x_wconf 62' lang='lat' dir='ltr'>cisteros</span> <span class='ocrx_word' id='word_1_393' title='bbox 2393 2781 2698 2836; x_wconf 88' lang='lat' dir='ltr'>molimina</span> <span class='ocrx_word' id='word_1_394' title='bbox 2726 2780 3063 2852; x_wconf 87' lang='lat' dir='ltr'>suspicatus</span> <span class='ocrx_word' id='word_1_395' title='bbox 3121 2785 3230 2835; x_wconf 90' lang='lat' dir='ltr'>est.</span> <span class='ocrx_word' id='word_1_396' title='bbox 3261 2781 3340 2835; x_wconf 89' lang='lat' dir='ltr'>Ac</span> <span class='ocrx_word' id='word_1_397' title='bbox 3381 2796 3481 2835; x_wconf 90' lang='lat' dir='ltr'>eos</span> <span class='ocrx_word' id='word_1_398' title='bbox 3513 2781 3614 2852; x_wconf 92' lang='lat' dir='ltr'>qui</span> <span class='ocrx_word' id='word_1_399' title='bbox 3646 2779 3776 2836; x_wconf 86' lang='lat' dir='ltr'>Ale-</span> 
     </span>
    </p>
   </div>
   <div class='ocr_carea' id='block_1_60' title="bbox 2122 2869 3782 2942">
    <p class='ocr_par' dir='ltr' id='par_1_60' title="bbox 2122 2869 3782 2942">
     <span class='ocr_line' id='line_1_60' title="bbox 2122 2869 3782 2942; baseline 0.001 -16"><span class='ocrx_word' id='word_1_400' title='bbox 2122 2869 2365 2928; x_wconf 86' lang='lat' dir='ltr'>xandria</span> <span class='ocrx_word' id='word_1_401' title='bbox 2395 2871 2453 2926; x_wconf 94' lang='lat' dir='ltr'>in</span> <span class='ocrx_word' id='word_1_402' title='bbox 2487 2870 2829 2925; x_wconf 86' lang='lat' dir='ltr'>Armeniam</span> <span class='ocrx_word' id='word_1_403' title='bbox 2860 2869 3100 2941; x_wconf 87' lang='lat' dir='ltr'>relegati</span> <span class='ocrx_word' id='word_1_404' title='bbox 3134 2869 3363 2925; x_wconf 81' lang='lat' dir='ltr'>fuerant</span> <span class='ocrx_word' id='word_1_405' title='bbox 3411 2870 3782 2942; x_wconf 83' lang='lat' dir='ltr'>presbyteros</span> 
     </span>
    </p>
   </div>
   <div class='ocr_carea' id='block_1_61' title="bbox 2124 2959 3782 3032">
    <p class='ocr_par' dir='ltr' id='par_1_61' title="bbox 2124 2959 3782 3032">
     <span class='ocr_line' id='line_1_61' title="bbox 2124 2959 3782 3032; baseline -0.001 -16"><span class='ocrx_word' id='word_1_406' title='bbox 2124 2961 2518 3032; x_wconf 84' lang='lat' dir='ltr'>diaconosque</span> <span class='ocrx_word' id='word_1_407' title='bbox 2551 2959 2830 3016; x_wconf 90' lang='lat' dir='ltr'>continuo</span> <span class='ocrx_word' id='word_1_408' title='bbox 2862 2959 3077 3015; x_wconf 90' lang='lat' dir='ltr'>liberos</span> <span class='ocrx_word' id='word_1_409' title='bbox 3108 2959 3324 3015; x_wconf 88' lang='lat' dir='ltr'>dimitti</span> <span class='ocrx_word' id='word_1_410' title='bbox 3347 2960 3522 3031; x_wconf 87' lang='lat' dir='ltr'>jubet</span> <span class='ocrx_word' id='word_1_411' title='bbox 3550 2977 3562 3015; x_wconf 92' lang='lat'><strong>:</strong></span> <span class='ocrx_word' id='word_1_412' title='bbox 3588 2959 3782 3032; x_wconf 92' lang='lat' dir='ltr'>publi-</span> 
     </span>
    </p>
   </div>
   <div class='ocr_carea' id='block_1_62' title="bbox 2123 3047 3780 3121">
    <p class='ocr_par' dir='ltr' id='par_1_62' title="bbox 2123 3047 3780 3121">
     <span class='ocr_line' id='line_1_62' title="bbox 2123 3047 3780 3121; baseline -0.001 -16"><span class='ocrx_word' id='word_1_413' title='bbox 2123 3067 2338 3121; x_wconf 90' lang='lat' dir='ltr'>casque</span> <span class='ocrx_word' id='word_1_414' title='bbox 2368 3049 2778 3104; x_wconf 83' lang='lat' dir='ltr'>Alexandriam</span> <span class='ocrx_word' id='word_1_415' title='bbox 2811 3049 3034 3104; x_wconf 88' lang='lat' dir='ltr'>litteras</span> <span class='ocrx_word' id='word_1_416' title='bbox 3066 3049 3268 3116; x_wconf 89' lang='lat' dir='ltr'>mittit,</span> <span class='ocrx_word' id='word_1_417' title='bbox 3303 3053 3368 3103; x_wconf 92' lang='lat' dir='ltr'>ut</span> <span class='ocrx_word' id='word_1_418' title='bbox 3399 3065 3471 3103; x_wconf 89' lang='lat' dir='ltr'>ne</span> <span class='ocrx_word' id='word_1_419' title='bbox 3503 3047 3657 3104; x_wconf 89' lang='lat' dir='ltr'>ultra</span> <span class='ocrx_word' id='word_1_420' title='bbox 3685 3065 3780 3104; x_wconf 87' lang='lat' dir='ltr'>vc-</span> 
     </span>
    </p>
   </div>
   <div class='ocr_carea' id='block_1_63' title="bbox 2121 3137 3777 3209">
    <p class='ocr_par' dir='ltr' id='par_1_63' title="bbox 2121 3137 3777 3209">
     <span class='ocr_line' id='line_1_63' title="bbox 2121 3137 3777 3209; baseline -0.001 -16"><span class='ocrx_word' id='word_1_421' title='bbox 2121 3143 2399 3194; x_wconf 88' lang='lat' dir='ltr'>xarentur</span> <span class='ocrx_word' id='word_1_422' title='bbox 2431 3137 2736 3193; x_wconf 86' lang='lat' dir='ltr'>Athanasii</span> <span class='ocrx_word' id='word_1_423' title='bbox 2797 3137 2991 3193; x_wconf 91' lang='lat' dir='ltr'>clerici</span> <span class='ocrx_word' id='word_1_424' title='bbox 3043 3137 3131 3192; x_wconf 88' lang='lat' dir='ltr'>vel</span> <span class='ocrx_word' id='word_1_425' title='bbox 3193 3137 3414 3209; x_wconf 85' lang='lat' dir='ltr'>populi.</span> <span class='ocrx_word' id='word_1_426' title='bbox 3457 3137 3604 3192; x_wconf 88' lang='lat' dir='ltr'>Hinc</span> <span class='ocrx_word' id='word_1_427' title='bbox 3646 3141 3777 3208; x_wconf 88' lang='lat' dir='ltr'>post</span> 
     </span>
    </p>
   </div>
   <div class='ocr_carea' id='block_1_64' title="bbox 2121 3225 3777 3296">
    <p class='ocr_par' dir='ltr' id='par_1_64' title="bbox 2121 3225 3777 3296">
     <span class='ocr_line' id='line_1_64' title="bbox 2121 3225 3777 3296; baseline -0.001 -13"><span class='ocrx_word' id='word_1_428' title='bbox 2121 3227 2320 3283; x_wconf 90' lang='lat' dir='ltr'>decem</span> <span class='ocrx_word' id='word_1_429' title='bbox 2355 3226 2583 3282; x_wconf 86' lang='lat' dir='ltr'>circiter</span> <span class='ocrx_word' id='word_1_430' title='bbox 2615 3243 2845 3282; x_wconf 88' lang='lat' dir='ltr'>menses</span> <span class='ocrx_word' id='word_1_431' title='bbox 2876 3227 3148 3281; x_wconf 82' lang='lat' dir='ltr'>defuncto</span> <span class='ocrx_word' id='word_1_432' title='bbox 3188 3225 3488 3296; x_wconf 88' lang='lat' dir='ltr'>Gregorio,</span> <span class='ocrx_word' id='word_1_433' title='bbox 3521 3225 3777 3281; x_wconf 90' lang='lat' dir='ltr'>Athana-</span> 
     </span>
    </p>
   </div>
   <div class='ocr_carea' id='block_1_65' title="bbox 2121 3313 3781 3383">
    <p class='ocr_par' dir='ltr' id='par_1_65' title="bbox 2121 3313 3781 3383">
     <span class='ocr_line' id='line_1_65' title="bbox 2121 3313 3781 3383; baseline 0.001 -13"><span class='ocrx_word' id='word_1_434' title='bbox 2121 3316 2276 3371; x_wconf 87' lang='lat' dir='ltr'>sium</span> <span class='ocrx_word' id='word_1_435' title='bbox 2303 3333 2437 3371; x_wconf 92' lang='lat' dir='ltr'>cum</span> <span class='ocrx_word' id='word_1_436' title='bbox 2471 3333 2704 3372; x_wconf 91' lang='lat' dir='ltr'>summo</span> <span class='ocrx_word' id='word_1_437' title='bbox 2735 3315 2954 3370; x_wconf 90' lang='lat' dir='ltr'>honore</span> <span class='ocrx_word' id='word_1_438' title='bbox 2977 3315 3202 3381; x_wconf 90' lang='lat' dir='ltr'>accivit,</span> <span class='ocrx_word' id='word_1_439' title='bbox 3222 3313 3316 3370; x_wconf 93' lang='lat' dir='ltr'>cui</span> <span class='ocrx_word' id='word_1_440' title='bbox 3340 3331 3456 3370; x_wconf 89' lang='lat' dir='ltr'>non</span> <span class='ocrx_word' id='word_1_441' title='bbox 3487 3331 3656 3383; x_wconf 87' lang='lat' dir='ltr'>unas,</span> <span class='ocrx_word' id='word_1_442' title='bbox 3677 3319 3781 3371; x_wconf 91' lang='lat' dir='ltr'>aut</span> 
     </span>
    </p>
   </div>
   <div class='ocr_carea' id='block_1_66' title="bbox 349 3385 2015 3478">
    <p class='ocr_par' dir='ltr' id='par_1_66' title="bbox 349 3400 2011 3478">
     <span class='ocr_line' id='line_1_66' title="bbox 349 3400 2011 3478; baseline -0.002 -20"><span class='ocrx_word' id='word_1_443' title='bbox 349 3409 545 3474; x_wconf 82' lang='grc' dir='ltr'>τιμῆς,</span> <span class='ocrx_word' id='word_1_444' title='bbox 601 3402 707 3478; x_wconf 81' lang='grc' dir='ltr'>οὐχ</span> <span class='ocrx_word' id='word_1_445' title='bbox 759 3403 917 3473; x_wconf 78' lang='grc' dir='ltr'>ἅπαξ,</span> <span class='ocrx_word' id='word_1_446' title='bbox 976 3401 1101 3458; x_wconf 81' lang='grc' dir='ltr'>ούδέ</span> <span class='ocrx_word' id='word_1_447' title='bbox 1158 3400 1424 3476; x_wconf 87' lang='grc' dir='ltr'>δεύτερον,</span> <span class='ocrx_word' id='word_1_448' title='bbox 1485 3401 1630 3457; x_wconf 84' lang='grc' dir='ltr'>ἀλλά</span> <span class='ocrx_word' id='word_1_449' title='bbox 1685 3402 1772 3456; x_wconf 80' lang='grc' dir='ltr'>καὶ</span> <span class='ocrx_word' id='word_1_450' title='bbox 1831 3401 2011 3477; x_wconf 84' lang='grc' dir='ltr'>τρίτον</span> 
     </span>
    </p>
   </div>
   <div class='ocr_carea' id='block_1_67' title="bbox 2130 3385 3777 3478">
    <p class='ocr_par' dir='ltr' id='par_1_67' title="bbox 2130 3403 3777 3476">
     <span class='ocr_line' id='line_1_67' title="bbox 2130 3403 3777 3476; baseline -0.001 -15"><span class='ocrx_word' id='word_1_451' title='bbox 2130 3406 2311 3470; x_wconf 88' lang='lat' dir='ltr'>binas,</span> <span class='ocrx_word' id='word_1_452' title='bbox 2346 3407 2444 3461; x_wconf 90' lang='lat' dir='ltr'>sed</span> <span class='ocrx_word' id='word_1_453' title='bbox 2478 3410 2676 3460; x_wconf 88' lang='lat' dir='ltr'>ternas</span> <span class='ocrx_word' id='word_1_454' title='bbox 2735 3404 2898 3460; x_wconf 89' lang='lat' dir='ltr'>misit</span> <span class='ocrx_word' id='word_1_455' title='bbox 2954 3403 3179 3460; x_wconf 88' lang='lat' dir='ltr'>litteras</span> <span class='ocrx_word' id='word_1_456' title='bbox 3237 3403 3509 3460; x_wconf 89' lang='lat' dir='ltr'>amicitiae</span> <span class='ocrx_word' id='word_1_457' title='bbox 3549 3403 3777 3476; x_wconf 89' lang='lat' dir='ltr'>plenas,</span> 
     </span>
    </p>
   </div>
   <div class='ocr_carea' id='block_1_68' title="bbox 353 3489 2010 3570">
    <p class='ocr_par' dir='ltr' id='par_1_68' title="bbox 353 3489 2010 3570">
     <span class='ocr_line' id='line_1_68' title="bbox 353 3489 2010 3570; baseline -0.002 -23"><span class='ocrx_word' id='word_1_458' title='bbox 353 3494 565 3569; x_wconf 83' lang='grc' dir='ltr'>γράψας</span> <span class='ocrx_word' id='word_1_459' title='bbox 617 3492 765 3564; x_wconf 79' lang='grc' dir='ltr'>αὐτῷ</span> <span class='ocrx_word' id='word_1_460' title='bbox 825 3493 918 3566; x_wconf 72' lang='grc' dir='ltr'>μὲν</span> <span class='ocrx_word' id='word_1_461' title='bbox 974 3491 1188 3570; x_wconf 80' lang='grc' dir='ltr'>φιλικά,</span> <span class='ocrx_word' id='word_1_462' title='bbox 1222 3489 1290 3546; x_wconf 86' lang='grc' dir='ltr'>δι’</span> <span class='ocrx_word' id='word_1_463' title='bbox 1339 3492 1411 3545; x_wconf 80' lang='grc' dir='ltr'>ὧν</span> <span class='ocrx_word' id='word_1_464' title='bbox 1442 3491 1653 3568; x_wconf 67' lang='grc' dir='ltr'>θαρρεῖν</span> <span class='ocrx_word' id='word_1_465' title='bbox 1699 3493 1788 3546; x_wconf 77' lang='grc' dir='ltr'>καὶ</span> <span class='ocrx_word' id='word_1_466' title='bbox 1839 3491 2010 3546; x_wconf 86' lang='grc' dir='ltr'>ἐλθεῖν</span> 
     </span>
    </p>
   </div>
   <div class='ocr_carea' id='block_1_69' title="bbox 351 3576 2009 3657">
    <p class='ocr_par' dir='ltr' id='par_1_69' title="bbox 351 3576 2009 3657">
     <span class='ocr_line' id='line_1_69' title="bbox 351 3576 2009 3657; baseline -0.002 -20"><span class='ocrx_word' id='word_1_467' title='bbox 351 3581 672 3656; x_wconf 88' lang='grc' dir='ltr'>προέτρεπε.</span> <span class='ocrx_word' id='word_1_468' title='bbox 717 3583 929 3654; x_wconf 86' lang='grc' dir='ltr'>Πέμπει</span> <span class='ocrx_word' id='word_1_469' title='bbox 976 3603 1036 3636; x_wconf 92' lang='grc' dir='ltr'>τε</span> <span class='ocrx_word' id='word_1_470' title='bbox 1074 3576 1432 3657; x_wconf 74' lang='grc' dir='ltr'>πρεσϐύτερον</span> <span class='ocrx_word' id='word_1_471' title='bbox 1479 3581 1567 3635; x_wconf 85' lang='grc' dir='ltr'>καὶ</span> <span class='ocrx_word' id='word_1_472' title='bbox 1627 3578 1890 3653; x_wconf 64' lang='grc' dir='ltr'>διάκονον,</span> <span class='ocrx_word' id='word_1_473' title='bbox 1941 3579 2009 3634; x_wconf 78' lang='grc' dir='ltr'>’ίν’</span> 
     </span>
    </p>
   </div>
   <div class='ocr_carea' id='block_1_70' title="bbox 354 3667 2010 3747">
    <p class='ocr_par' dir='ltr' id='par_1_70' title="bbox 354 3667 2010 3747">
     <span class='ocr_line' id='line_1_70' title="bbox 354 3667 2010 3747; baseline 0 -23"><span class='ocrx_word' id='word_1_474' title='bbox 354 3667 432 3725; x_wconf 80' lang='grc' dir='ltr'>ἔτι</span> <span class='ocrx_word' id='word_1_475' title='bbox 470 3670 683 3744; x_wconf 73' lang='grc' dir='ltr'>μᾶλλον</span> <span class='ocrx_word' id='word_1_476' title='bbox 730 3670 940 3747; x_wconf 77' lang='grc' dir='ltr'>θαρῥῶν</span> <span class='ocrx_word' id='word_1_477' title='bbox 988 3669 1290 3728; x_wconf 89' lang='grc' dir='ltr'>ἐπανέλθοι,</span> <span class='ocrx_word' id='word_1_478' title='bbox 1341 3669 1588 3743; x_wconf 87' lang='grc' dir='ltr'>Ἐνόμιζε</span> <span class='ocrx_word' id='word_1_479' title='bbox 1635 3671 1738 3744; x_wconf 78' lang='grc' dir='ltr'>γάρ</span> <span class='ocrx_word' id='word_1_480' title='bbox 1788 3667 1877 3724; x_wconf 75' lang='grc' dir='ltr'>διὰ</span> <span class='ocrx_word' id='word_1_481' title='bbox 1921 3671 2010 3724; x_wconf 86' lang='grc' dir='ltr'>τὸν</span> 
     </span>
    </p>
   </div>
   <div class='ocr_carea' id='block_1_71' title="bbox 354 3753 2011 3838">
    <p class='ocr_par' dir='ltr' id='par_1_71' title="bbox 354 3753 2011 3838">
     <span class='ocr_line' id='line_1_71' title="bbox 354 3753 2011 3838; baseline -0.001 -24"><span class='ocrx_word' id='word_1_482' title='bbox 354 3753 524 3838; x_wconf 76' lang='grc' dir='ltr'>φόϐον</span> <span class='ocrx_word' id='word_1_483' title='bbox 552 3763 658 3814; x_wconf 79' lang='grc' dir='ltr'>τῶν</span> <span class='ocrx_word' id='word_1_484' title='bbox 687 3759 949 3834; x_wconf 85' lang='grc' dir='ltr'>πρότερον</span> <span class='ocrx_word' id='word_1_485' title='bbox 979 3760 1278 3834; x_wconf 89' lang='grc' dir='ltr'>γενομένων</span> <span class='ocrx_word' id='word_1_486' title='bbox 1311 3758 1601 3834; x_wconf 82' lang='grc' dir='ltr'>ὀλιγωρεῖν</span> <span class='ocrx_word' id='word_1_487' title='bbox 1635 3781 1701 3832; x_wconf 90' lang='grc' dir='ltr'>με</span> <span class='ocrx_word' id='word_1_488' title='bbox 1747 3759 1869 3835; x_wconf 86' lang='grc' dir='ltr'>περὶ</span> <span class='ocrx_word' id='word_1_489' title='bbox 1912 3761 2011 3828; x_wconf 78' lang='grc' dir='ltr'>τὴν</span> 
     </span>
    </p>
   </div>
   <div class='ocr_carea' id='block_1_72' title="bbox 355 3844 2014 3926">
    <p class='ocr_par' dir='ltr' id='par_1_72' title="bbox 355 3844 2014 3926">
     <span class='ocr_line' id='line_1_72' title="bbox 355 3844 2014 3926; baseline -0.001 -23"><span class='ocrx_word' id='word_1_490' title='bbox 355 3847 633 3906; x_wconf 86' lang='grc' dir='ltr'>ἐπάνοδον.</span> <span class='ocrx_word' id='word_1_491' title='bbox 663 3849 861 3926; x_wconf 85' lang='grc' dir='ltr'>Γράφει</span> <span class='ocrx_word' id='word_1_492' title='bbox 894 3845 951 3902; x_wconf 77' lang='grc' dir='ltr'>δέ</span> <span class='ocrx_word' id='word_1_493' title='bbox 979 3847 1068 3902; x_wconf 88' lang='grc' dir='ltr'>καὶ</span> <span class='ocrx_word' id='word_1_494' title='bbox 1117 3852 1196 3920; x_wconf 78' lang='grc' dir='ltr'>τῷ</span> <span class='ocrx_word' id='word_1_495' title='bbox 1250 3844 1470 3925; x_wconf 78' lang='grc' dir='ltr'>ἀδελφῷ</span> <span class='ocrx_word' id='word_1_496' title='bbox 1523 3848 1713 3902; x_wconf 72' lang='grc' dir='ltr'>ἑαυτοῦ</span> <span class='ocrx_word' id='word_1_497' title='bbox 1745 3849 2014 3902; x_wconf 88' lang='grc' dir='ltr'>Κώνσταν-</span> 
     </span>
    </p>
   </div>
   <div class='ocr_carea' id='block_1_73' title="bbox 351 3933 2009 4012">
    <p class='ocr_par' dir='ltr' id='par_1_73' title="bbox 351 3933 2009 4012">
     <span class='ocr_line' id='line_1_73' title="bbox 351 3933 2009 4012; baseline -0.001 -19"><span class='ocrx_word' id='word_1_498' title='bbox 351 3959 427 4006; x_wconf 70' lang='lat' dir='ltr'>ti,</span> <span class='ocrx_word' id='word_1_499' title='bbox 456 3935 546 3992; x_wconf 75' lang='lat' dir='ltr'>&#39;iva</span> <span class='ocrx_word' id='word_1_500' title='bbox 573 3937 664 3992; x_wconf 85' lang='grc' dir='ltr'>καὶ</span> <span class='ocrx_word' id='word_1_501' title='bbox 714 3937 872 3999; x_wconf 79' lang='grc' dir='ltr'>αὐτὸς</span> <span class='ocrx_word' id='word_1_502' title='bbox 929 3934 1236 3992; x_wconf 86' lang='grc' dir='ltr'>ἐπανελθεῖν</span> <span class='ocrx_word' id='word_1_503' title='bbox 1290 3958 1356 4010; x_wconf 88' lang='grc' dir='ltr'>με</span> <span class='ocrx_word' id='word_1_504' title='bbox 1385 3938 1782 4012; x_wconf 82' lang='grc' dir='ltr'>προτρέψηται.</span> <span class='ocrx_word' id='word_1_505' title='bbox 1829 3933 2009 3992; x_wconf 78' lang='grc' dir='ltr'>Διεϐε-</span> 
     </span>
    </p>
   </div>
   <div class='ocr_carea' id='block_1_74' title="bbox 354 4021 2016 4103">
    <p class='ocr_par' dir='ltr' id='par_1_74' title="bbox 354 4021 2016 4103">
     <span class='ocr_line' id='line_1_74' title="bbox 354 4021 2016 4103; baseline 0.001 -22"><span class='ocrx_word' id='word_1_506' title='bbox 354 4021 578 4082; x_wconf 80' lang='grc' dir='ltr'>ϐαιοῦτο</span> <span class='ocrx_word' id='word_1_507' title='bbox 610 4028 723 4100; x_wconf 87' lang='grc'>(91)</span> <span class='ocrx_word' id='word_1_508' title='bbox 769 4027 873 4102; x_wconf 79' lang='grc' dir='ltr'>γὰρ</span> <span class='ocrx_word' id='word_1_509' title='bbox 925 4025 1159 4081; x_wconf 84' lang='grc' dir='ltr'>ἐνιαυτὸν</span> <span class='ocrx_word' id='word_1_510' title='bbox 1198 4025 1328 4082; x_wconf 79' lang='grc' dir='ltr'>ὅλον</span> <span class='ocrx_word' id='word_1_511' title='bbox 1379 4025 1689 4103; x_wconf 78' lang='grc' dir='ltr'>ἐκδέχεσθαι</span> <span class='ocrx_word' id='word_1_512' title='bbox 1739 4029 1830 4082; x_wconf 86' lang='grc' dir='ltr'>τὸν</span> <span class='ocrx_word' id='word_1_513' title='bbox 1862 4029 2016 4083; x_wconf 78' lang='grc' dir='ltr'>Ἀθα-</span> 
     </span>
    </p>
   </div>
   <div class='ocr_carea' id='block_1_75' title="bbox 349 4114 2013 4192">
    <p class='ocr_par' dir='ltr' id='par_1_75' title="bbox 349 4114 2013 4192">
     <span class='ocr_line' id='line_1_75' title="bbox 349 4114 2013 4192; baseline -0.001 -21"><span class='ocrx_word' id='word_1_514' title='bbox 349 4117 550 4189; x_wconf 77' lang='grc' dir='ltr'>νάσιον,</span> <span class='ocrx_word' id='word_1_515' title='bbox 583 4117 673 4171; x_wconf 82' lang='grc' dir='ltr'>καὶ</span> <span class='ocrx_word' id='word_1_516' title='bbox 714 4115 815 4171; x_wconf 84' lang='grc' dir='ltr'>οὐκ</span> <span class='ocrx_word' id='word_1_517' title='bbox 869 4114 928 4170; x_wconf 81' lang='grc' dir='ltr'>ἄν</span> <span class='ocrx_word' id='word_1_518' title='bbox 967 4137 1101 4170; x_wconf 90' lang='grc' dir='ltr'>ποτε</span> <span class='ocrx_word' id='word_1_519' title='bbox 1132 4115 1414 4192; x_wconf 78' lang='grc' dir='ltr'>ἐπιτρέψαι</span> <span class='ocrx_word' id='word_1_520' title='bbox 1465 4117 1706 4191; x_wconf 89' lang='grc' dir='ltr'>γενέσθαι</span> <span class='ocrx_word' id='word_1_521' title='bbox 1735 4119 1851 4171; x_wconf 74' lang='grc' dir='ltr'>τινα</span> <span class='ocrx_word' id='word_1_522' title='bbox 1898 4139 2013 4172; x_wconf 87' lang='grc' dir='ltr'>και-</span> 
     </span>
    </p>
   </div>
   <div class='ocr_carea' id='block_1_76' title="bbox 352 4204 2014 4285">
    <p class='ocr_par' dir='ltr' id='par_1_76' title="bbox 352 4204 2014 4285">
     <span class='ocr_line' id='line_1_76' title="bbox 352 4204 2014 4285; baseline -0.001 -24"><span class='ocrx_word' id='word_1_523' title='bbox 352 4204 630 4279; x_wconf 90' lang='grc' dir='ltr'>νοτομίαν,</span> <span class='ocrx_word' id='word_1_524' title='bbox 692 4206 727 4275; x_wconf 71' lang='grc' dir='ltr'><strong>ἢ</strong></span> <span class='ocrx_word' id='word_1_525' title='bbox 786 4206 876 4260; x_wconf 88' lang='grc' dir='ltr'>καὶ</span> <span class='ocrx_word' id='word_1_526' title='bbox 934 4207 1254 4261; x_wconf 86' lang='grc' dir='ltr'>κατάστασιν</span> <span class='ocrx_word' id='word_1_527' title='bbox 1292 4251 1306 4276; x_wconf 92' lang='grc'>,</span> <span class='ocrx_word' id='word_1_528' title='bbox 1364 4205 1650 4285; x_wconf 85' lang='grc' dir='ltr'>φυλάττων</span> <span class='ocrx_word' id='word_1_529' title='bbox 1715 4206 2014 4280; x_wconf 78' lang='grc' dir='ltr'>’Δθανασίῳ</span> 
     </span>
    </p>
   </div>
   <div class='ocr_carea' id='block_1_77' title="bbox 351 4293 1252 4368">
    <p class='ocr_par' dir='ltr' id='par_1_77' title="bbox 351 4293 1252 4368">
     <span class='ocr_line' id='line_1_77' title="bbox 351 4293 1252 4368; baseline 0.001 -18"><span class='ocrx_word' id='word_1_530' title='bbox 351 4299 434 4368; x_wconf 82' lang='grc' dir='ltr'>τῷ</span> <span class='ocrx_word' id='word_1_531' title='bbox 465 4294 747 4368; x_wconf 84' lang='grc' dir='ltr'>ἐπισκόπῳ</span> <span class='ocrx_word' id='word_1_532' title='bbox 770 4295 865 4357; x_wconf 77' lang='grc' dir='ltr'>τὰς</span> <span class='ocrx_word' id='word_1_533' title='bbox 900 4293 1252 4366; x_wconf 83' lang='grc' dir='ltr'>Ἐκκλησίας.</span> 
     </span>
    </p>
   </div>
   <div class='ocr_carea' id='block_1_78' title="bbox 425 4380 2018 4462">
    <p class='ocr_par' dir='ltr' id='par_1_78' title="bbox 425 4380 2018 4462">
     <span class='ocr_line' id='line_1_78' title="bbox 425 4380 2018 4462; baseline -0.001 -21"><span class='ocrx_word' id='word_1_534' title='bbox 425 4386 516 4442; x_wconf 84' lang='grc'>22.</span> <span class='ocrx_word' id='word_1_535' title='bbox 551 4382 705 4439; x_wconf 76' lang='grc' dir='ltr'>Οὕτω</span> <span class='ocrx_word' id='word_1_536' title='bbox 738 4380 804 4453; x_wconf 82' lang='grc' dir='ltr'>δὴ</span> <span class='ocrx_word' id='word_1_537' title='bbox 840 4380 929 4438; x_wconf 79' lang='grc' dir='ltr'>οὖν</span> <span class='ocrx_word' id='word_1_538' title='bbox 975 4385 1280 4459; x_wconf 80' lang='grc' dir='ltr'>γράψαντος</span> <span class='ocrx_word' id='word_1_539' title='bbox 1330 4383 1516 4452; x_wconf 75' lang='grc' dir='ltr'>αὐτοῦ,</span> <span class='ocrx_word' id='word_1_540' title='bbox 1568 4386 1657 4440; x_wconf 86' lang='grc' dir='ltr'>καὶ</span> <span class='ocrx_word' id='word_1_541' title='bbox 1715 4388 2018 4462; x_wconf 82' lang='grc' dir='ltr'>προτρεψα-</span> 
     </span>
    </p>
   </div>
   <div class='ocr_carea' id='block_1_79' title="bbox 361 4470 2016 4549">
    <p class='ocr_par' dir='ltr' id='par_1_79' title="bbox 361 4470 2016 4549">
     <span class='ocr_line' id='line_1_79' title="bbox 361 4470 2016 4549; baseline 0.002 -21"><span class='ocrx_word' id='word_1_542' title='bbox 361 4475 521 4549; x_wconf 83' lang='grc' dir='ltr'>μένου</span> <span class='ocrx_word' id='word_1_543' title='bbox 555 4470 643 4527; x_wconf 77' lang='grc' dir='ltr'>διά</span> <span class='ocrx_word' id='word_1_544' title='bbox 693 4470 920 4528; x_wconf 77' lang='grc' dir='ltr'>πολλῶν</span> <span class='ocrx_word' id='word_1_545' title='bbox 963 4472 1076 4546; x_wconf 86' lang='grc' dir='ltr'>(καὶ</span> <span class='ocrx_word' id='word_1_546' title='bbox 1124 4475 1230 4549; x_wconf 78' lang='grc' dir='ltr'>γὰρ</span> <span class='ocrx_word' id='word_1_547' title='bbox 1277 4475 1368 4528; x_wconf 83' lang='grc' dir='ltr'>καὶ</span> <span class='ocrx_word' id='word_1_548' title='bbox 1415 4473 1542 4536; x_wconf 76' lang='grc' dir='ltr'>τοὺς</span> <span class='ocrx_word' id='word_1_549' title='bbox 1593 4474 1841 4546; x_wconf 83' lang='grc' dir='ltr'>κόμητας</span> <span class='ocrx_word' id='word_1_550' title='bbox 1905 4478 2016 4548; x_wconf 82' lang='grc'>(92)</span> 
     </span>
    </p>
   </div>
   <div class='ocr_carea' id='block_1_80' title="bbox 357 4559 2018 4639">
    <p class='ocr_par' dir='ltr' id='par_1_80' title="bbox 357 4559 2018 4639">
     <span class='ocr_line' id='line_1_80' title="bbox 357 4559 2018 4639; baseline -0.001 -20"><span class='ocrx_word' id='word_1_551' title='bbox 357 4563 524 4619; x_wconf 79' lang='grc' dir='ltr'>αὐτοῦ</span> <span class='ocrx_word' id='word_1_552' title='bbox 572 4561 839 4632; x_wconf 84' lang='grc' dir='ltr'>πεποίηκε</span> <span class='ocrx_word' id='word_1_553' title='bbox 880 4563 1132 4638; x_wconf 89' lang='grc' dir='ltr'>γράψαι,</span> <span class='ocrx_word' id='word_1_554' title='bbox 1184 4559 1501 4635; x_wconf 84' lang='grc' dir='ltr'>Πολέμιον,</span> <span class='ocrx_word' id='word_1_555' title='bbox 1549 4564 1820 4631; x_wconf 85' lang='grc' dir='ltr'>Δατιανὸν,</span> <span class='ocrx_word' id='word_1_556' title='bbox 1884 4571 2018 4639; x_wconf 91' lang='grc' dir='ltr'>Βαρ-</span> 
     </span>
    </p>
   </div>
   <div class='ocr_carea' id='block_1_81' title="bbox 358 4650 2015 4727">
    <p class='ocr_par' dir='ltr' id='par_1_81' title="bbox 358 4650 2015 4727">
     <span class='ocr_line' id='line_1_81' title="bbox 358 4650 2015 4727; baseline -0.001 -19"><span class='ocrx_word' id='word_1_557' title='bbox 358 4651 543 4724; x_wconf 86' lang='grc' dir='ltr'>δίωνα,</span> <span class='ocrx_word' id='word_1_558' title='bbox 597 4651 891 4724; x_wconf 77' lang='grc' dir='ltr'>Θάλασσον,</span> <span class='ocrx_word' id='word_1_559' title='bbox 939 4656 1185 4726; x_wconf 73' lang='grc' dir='ltr'>Ταῦρον,</span> <span class='ocrx_word' id='word_1_560' title='bbox 1216 4652 1307 4705; x_wconf 86' lang='grc' dir='ltr'>καὶ</span> <span class='ocrx_word' id='word_1_561' title='bbox 1359 4650 1702 4727; x_wconf 82' lang='grc' dir='ltr'>Φλωρέντιον</span> <span class='ocrx_word' id='word_1_562' title='bbox 1757 4655 1890 4724; x_wconf 76' lang='grc'>(93),</span> <span class='ocrx_word' id='word_1_563' title='bbox 1934 4655 2015 4715; x_wconf 80' lang='grc' dir='ltr'>οἷς</span> 
     </span>
    </p>
   </div>
   <div class='ocr_carea' id='block_1_82' title="bbox 2122 3492 3775 3567">
    <p class='ocr_par' dir='ltr' id='par_1_82' title="bbox 2122 3492 3775 3567">
     <span class='ocr_line' id='line_1_82' title="bbox 2122 3492 3775 3567; baseline -0.001 -17"><span class='ocrx_word' id='word_1_564' title='bbox 2122 3495 2339 3567; x_wconf 89' lang='lat' dir='ltr'>quibus</span> <span class='ocrx_word' id='word_1_565' title='bbox 2370 3495 2715 3550; x_wconf 86' lang='lat' dir='ltr'>hortabatur</span> <span class='ocrx_word' id='word_1_566' title='bbox 2743 3493 2912 3548; x_wconf 89' lang='lat' dir='ltr'>illum</span> <span class='ocrx_word' id='word_1_567' title='bbox 2945 3497 3009 3548; x_wconf 91' lang='lat' dir='ltr'>ut</span> <span class='ocrx_word' id='word_1_568' title='bbox 3037 3510 3172 3548; x_wconf 91' lang='lat' dir='ltr'>cum</span> <span class='ocrx_word' id='word_1_569' title='bbox 3212 3492 3433 3548; x_wconf 87' lang='lat' dir='ltr'>fiducia</span> <span class='ocrx_word' id='word_1_570' title='bbox 3457 3493 3775 3550; x_wconf 88' lang='lat' dir='ltr'>accederet.</span> 
     </span>
    </p>
   </div>
   <div class='ocr_carea' id='block_1_83' title="bbox 2123 3582 3780 3656">
    <p class='ocr_par' dir='ltr' id='par_1_83' title="bbox 2123 3582 3780 3656">
     <span class='ocr_line' id='line_1_83' title="bbox 2123 3582 3780 3656; baseline 0 -18"><span class='ocrx_word' id='word_1_571' title='bbox 2123 3584 2280 3639; x_wconf 89' lang='lat' dir='ltr'>Misit</span> <span class='ocrx_word' id='word_1_572' title='bbox 2295 3585 2430 3639; x_wconf 90' lang='lat' dir='ltr'>item</span> <span class='ocrx_word' id='word_1_573' title='bbox 2447 3585 2850 3656; x_wconf 74' lang='lat' dir='ltr'>presbyterum</span> <span class='ocrx_word' id='word_1_574' title='bbox 2866 3583 3298 3654; x_wconf 87' lang='lat' dir='ltr'>diaconumque</span> <span class='ocrx_word' id='word_1_575' title='bbox 3311 3587 3377 3637; x_wconf 90' lang='lat' dir='ltr'>ut</span> <span class='ocrx_word' id='word_1_576' title='bbox 3389 3582 3541 3638; x_wconf 70' lang='lat'><strong>282</strong></span> <span class='ocrx_word' id='word_1_577' title='bbox 3556 3583 3780 3653; x_wconf 86' lang='lat' dir='ltr'>majore</span> 
     </span>
    </p>
   </div>
   <div class='ocr_carea' id='block_1_84' title="bbox 2120 3671 3777 3749">
    <p class='ocr_par' dir='ltr' id='par_1_84' title="bbox 2120 3671 3777 3749">
     <span class='ocr_line' id='line_1_84' title="bbox 2120 3671 3777 3749; baseline -0.002 -20"><span class='ocrx_word' id='word_1_578' title='bbox 2120 3673 2301 3730; x_wconf 88' lang='lat' dir='ltr'>animi</span> <span class='ocrx_word' id='word_1_579' title='bbox 2322 3673 2630 3728; x_wconf 87' lang='lat' dir='ltr'>securitate</span> <span class='ocrx_word' id='word_1_580' title='bbox 2652 3671 2866 3727; x_wconf 87' lang='lat' dir='ltr'>rediret</span> <span class='ocrx_word' id='word_1_581' title='bbox 2891 3690 2903 3728; x_wconf 74' lang='grc' dir='ltr'>ε</span> <span class='ocrx_word' id='word_1_582' title='bbox 2925 3677 3090 3728; x_wconf 88' lang='lat' dir='ltr'>ratus</span> <span class='ocrx_word' id='word_1_583' title='bbox 3112 3688 3204 3727; x_wconf 90' lang='lat' dir='ltr'>me</span> <span class='ocrx_word' id='word_1_584' title='bbox 3226 3672 3299 3727; x_wconf 93' lang='lat' dir='ltr'>ob</span> <span class='ocrx_word' id='word_1_585' title='bbox 3322 3675 3454 3749; x_wconf 87' lang='lat' dir='ltr'>ante</span> <span class='ocrx_word' id='word_1_586' title='bbox 3477 3678 3777 3744; x_wconf 87' lang='lat' dir='ltr'>gestarum</span> 
     </span>
    </p>
   </div>
   <div class='ocr_carea' id='block_1_85' title="bbox 2122 3759 3777 3833">
    <p class='ocr_par' dir='ltr' id='par_1_85' title="bbox 2122 3759 3777 3833">
     <span class='ocr_line' id='line_1_85' title="bbox 2122 3759 3777 3833; baseline -0.001 -16"><span class='ocrx_word' id='word_1_587' title='bbox 2122 3779 2316 3818; x_wconf 89' lang='lat' dir='ltr'>rerum</span> <span class='ocrx_word' id='word_1_588' title='bbox 2344 3761 2718 3818; x_wconf 90' lang='lat' dir='ltr'>formidinem</span> <span class='ocrx_word' id='word_1_589' title='bbox 2741 3779 2891 3833; x_wconf 67' lang='lat' dir='ltr'>aegre</span> <span class='ocrx_word' id='word_1_590' title='bbox 2913 3777 3305 3817; x_wconf 88' lang='lat' dir='ltr'>reversurum.</span> <span class='ocrx_word' id='word_1_591' title='bbox 3329 3759 3577 3832; x_wconf 91' lang='lat' dir='ltr'>Scripsit</span> <span class='ocrx_word' id='word_1_592' title='bbox 3599 3760 3777 3816; x_wconf 86' lang='lat' dir='ltr'>etiam</span> 
     </span>
    </p>
   </div>
   <div class='ocr_carea' id='block_1_86' title="bbox 2122 3849 3778 3922">
    <p class='ocr_par' dir='ltr' id='par_1_86' title="bbox 2122 3849 3778 3922">
     <span class='ocr_line' id='line_1_86' title="bbox 2122 3849 3778 3922; baseline -0.001 -16"><span class='ocrx_word' id='word_1_593' title='bbox 2122 3852 2284 3907; x_wconf 86' lang='lat' dir='ltr'>fratri</span> <span class='ocrx_word' id='word_1_594' title='bbox 2317 3869 2422 3907; x_wconf 92' lang='lat' dir='ltr'>suo</span> <span class='ocrx_word' id='word_1_595' title='bbox 2455 3851 2777 3918; x_wconf 88' lang='lat' dir='ltr'>Constanti,</span> <span class='ocrx_word' id='word_1_596' title='bbox 2811 3855 2877 3906; x_wconf 92' lang='lat' dir='ltr'>ut</span> <span class='ocrx_word' id='word_1_597' title='bbox 2907 3867 3000 3905; x_wconf 92' lang='lat' dir='ltr'>me</span> <span class='ocrx_word' id='word_1_598' title='bbox 3029 3855 3086 3905; x_wconf 89' lang='lat' dir='ltr'>et</span> <span class='ocrx_word' id='word_1_599' title='bbox 3116 3849 3211 3905; x_wconf 91' lang='lat' dir='ltr'>ille</span> <span class='ocrx_word' id='word_1_600' title='bbox 3235 3850 3307 3905; x_wconf 91' lang='lat' dir='ltr'>ad</span> <span class='ocrx_word' id='word_1_601' title='bbox 3334 3849 3778 3922; x_wconf 88' lang='lat' dir='ltr'>remigrandum</span> 
     </span>
    </p>
   </div>
   <div class='ocr_carea' id='block_1_87' title="bbox 2123 3938 3780 4011">
    <p class='ocr_par' dir='ltr' id='par_1_87' title="bbox 2123 3938 3780 4011">
     <span class='ocr_line' id='line_1_87' title="bbox 2123 3938 3780 4011; baseline -0.002 -15"><span class='ocrx_word' id='word_1_602' title='bbox 2123 3941 2540 3996; x_wconf 88' lang='lat' dir='ltr'>cohortarel‘ur.</span> <span class='ocrx_word' id='word_1_603' title='bbox 2575 3940 2922 3995; x_wconf 83' lang='lat' dir='ltr'>Affirmabat</span> <span class='ocrx_word' id='word_1_604' title='bbox 2950 3938 3107 3994; x_wconf 89' lang='lat' dir='ltr'>enim</span> <span class='ocrx_word' id='word_1_605' title='bbox 3141 3955 3202 3994; x_wconf 90' lang='lat' dir='ltr'>se</span> <span class='ocrx_word' id='word_1_606' title='bbox 3232 3955 3385 3993; x_wconf 91' lang='lat' dir='ltr'>anno</span> <span class='ocrx_word' id='word_1_607' title='bbox 3417 3939 3646 4011; x_wconf 89' lang='lat' dir='ltr'>integro</span> <span class='ocrx_word' id='word_1_608' title='bbox 3677 3941 3780 3992; x_wconf 85' lang='lat' dir='ltr'>At-</span> 
     </span>
    </p>
   </div>
   <div class='ocr_carea' id='block_1_88' title="bbox 2124 4027 3782 4100">
    <p class='ocr_par' dir='ltr' id='par_1_88' title="bbox 2124 4027 3782 4100">
     <span class='ocr_line' id='line_1_88' title="bbox 2124 4027 3782 4100; baseline -0.002 -15"><span class='ocrx_word' id='word_1_609' title='bbox 2124 4029 2438 4085; x_wconf 85' lang='lat' dir='ltr'>hanasium</span> <span class='ocrx_word' id='word_1_610' title='bbox 2470 4033 2860 4100; x_wconf 85' lang='lat' dir='ltr'>exspectasse,</span> <span class='ocrx_word' id='word_1_611' title='bbox 2892 4044 3082 4100; x_wconf 91' lang='lat' dir='ltr'>neque</span> <span class='ocrx_word' id='word_1_612' title='bbox 3113 4027 3476 4084; x_wconf 89' lang='lat' dir='ltr'>concessisse</span> <span class='ocrx_word' id='word_1_613' title='bbox 3514 4032 3580 4081; x_wconf 93' lang='lat' dir='ltr'>ut</span> <span class='ocrx_word' id='word_1_614' title='bbox 3609 4027 3782 4099; x_wconf 91' lang='lat' dir='ltr'>quid-</span> 
     </span>
    </p>
   </div>
   <div class='ocr_carea' id='block_1_89' title="bbox 2131 4116 3787 4191">
    <p class='ocr_par' dir='ltr' id='par_1_89' title="bbox 2131 4116 3787 4191">
     <span class='ocr_line' id='line_1_89' title="bbox 2131 4116 3787 4191; baseline -0.001 -18"><span class='ocrx_word' id='word_1_615' title='bbox 2131 4119 2292 4191; x_wconf 88' lang='lat' dir='ltr'>piam</span> <span class='ocrx_word' id='word_1_616' title='bbox 2326 4119 2459 4175; x_wconf 92' lang='lat' dir='ltr'>novi</span> <span class='ocrx_word' id='word_1_617' title='bbox 2489 4123 2591 4174; x_wconf 92' lang='lat' dir='ltr'>aut</span> <span class='ocrx_word' id='word_1_618' title='bbox 2620 4117 2909 4173; x_wconf 85' lang='lat' dir='ltr'>ordinatio</span> <span class='ocrx_word' id='word_1_619' title='bbox 2938 4117 3132 4187; x_wconf 87' lang='lat' dir='ltr'>aliqua</span> <span class='ocrx_word' id='word_1_620' title='bbox 3163 4117 3324 4173; x_wconf 84' lang='lat' dir='ltr'>ﬁeret</span> <span class='ocrx_word' id='word_1_621' title='bbox 3356 4117 3512 4189; x_wconf 92' lang='lat' dir='ltr'>quod</span> <span class='ocrx_word' id='word_1_622' title='bbox 3533 4116 3787 4173; x_wconf 86' lang='lat' dir='ltr'>Athana-</span> 
     </span>
    </p>
   </div>
   <div class='ocr_carea' id='block_1_90' title="bbox 2126 4204 3514 4284">
    <p class='ocr_par' dir='ltr' id='par_1_90' title="bbox 2126 4204 3514 4284">
     <span class='ocr_line' id='line_1_90' title="bbox 2126 4204 3514 4284; baseline -0.003 -20"><span class='ocrx_word' id='word_1_623' title='bbox 2126 4207 2215 4264; x_wconf 88' lang='lat' dir='ltr'>sio</span> <span class='ocrx_word' id='word_1_624' title='bbox 2246 4209 2518 4280; x_wconf 90' lang='lat' dir='ltr'>episcopo</span> <span class='ocrx_word' id='word_1_625' title='bbox 2550 4224 2690 4263; x_wconf 89' lang='lat' dir='ltr'>suas</span> <span class='ocrx_word' id='word_1_626' title='bbox 2720 4205 3010 4284; x_wconf 83' lang='lat' dir='ltr'>Ecclesias</span> <span class='ocrx_word' id='word_1_627' title='bbox 3037 4222 3267 4262; x_wconf 88' lang='lat' dir='ltr'>servare</span> <span class='ocrx_word' id='word_1_628' title='bbox 3323 4204 3514 4262; x_wconf 89' lang='lat' dir='ltr'>vellet.</span> 
     </span>
    </p>
   </div>
   <div class='ocr_carea' id='block_1_91' title="bbox 2195 4381 3789 4457">
    <p class='ocr_par' dir='ltr' id='par_1_91' title="bbox 2195 4381 3789 4457">
     <span class='ocr_line' id='line_1_91' title="bbox 2195 4381 3789 4457; baseline -0.003 -15"><span class='ocrx_word' id='word_1_629' title='bbox 2195 4388 2284 4442; x_wconf 81' lang='lat'>2&#39;2.</span> <span class='ocrx_word' id='word_1_630' title='bbox 2318 4387 2507 4457; x_wconf 83' lang='lat' dir='ltr'>(ANNO</span> <span class='ocrx_word' id='word_1_631' title='bbox 2538 4385 2688 4456; x_wconf 75' lang='grc'>349.)</span> <span class='ocrx_word' id='word_1_632' title='bbox 2721 4384 2864 4440; x_wconf 89' lang='lat' dir='ltr'>Cum</span> <span class='ocrx_word' id='word_1_633' title='bbox 2892 4401 2956 4440; x_wconf 91' lang='lat' dir='ltr'>eo</span> <span class='ocrx_word' id='word_1_634' title='bbox 2989 4385 3189 4456; x_wconf 89' lang='lat' dir='ltr'>itaque</span> <span class='ocrx_word' id='word_1_635' title='bbox 3239 4384 3415 4438; x_wconf 89' lang='lat' dir='ltr'>modo</span> <span class='ocrx_word' id='word_1_636' title='bbox 3455 4381 3789 4455; x_wconf 91' lang='lat' dir='ltr'>scripsisset</span> 
     </span>
    </p>
   </div>
   <div class='ocr_carea' id='block_1_92' title="bbox 2126 4471 3789 4551">
    <p class='ocr_par' dir='ltr' id='par_1_92' title="bbox 2126 4471 3789 4551">
     <span class='ocr_line' id='line_1_92' title="bbox 2126 4471 3789 4551; baseline -0.005 -15"><span class='ocrx_word' id='word_1_637' title='bbox 2126 4479 2274 4551; x_wconf 87' lang='lat' dir='ltr'>ipse,</span> <span class='ocrx_word' id='word_1_638' title='bbox 2303 4474 2508 4530; x_wconf 90' lang='lat' dir='ltr'>multis</span> <span class='ocrx_word' id='word_1_639' title='bbox 2561 4474 2728 4529; x_wconf 91' lang='lat' dir='ltr'>illum</span> <span class='ocrx_word' id='word_1_640' title='bbox 2759 4473 2951 4530; x_wconf 91' lang='lat' dir='ltr'>verbis</span> <span class='ocrx_word' id='word_1_641' title='bbox 2982 4473 3323 4529; x_wconf 86' lang='lat' dir='ltr'>cohortatus</span> <span class='ocrx_word' id='word_1_642' title='bbox 3353 4472 3514 4543; x_wconf 87' lang='lat' dir='ltr'>(nam</span> <span class='ocrx_word' id='word_1_643' title='bbox 3545 4471 3789 4528; x_wconf 91' lang='lat' dir='ltr'>comites</span> 
     </span>
    </p>
   </div>
   <div class='ocr_carea' id='block_1_93' title="bbox 2129 4560 3784 4640">
    <p class='ocr_par' dir='ltr' id='par_1_93' title="bbox 2129 4560 3784 4640">
     <span class='ocr_line' id='line_1_93' title="bbox 2129 4560 3784 4640; baseline -0.005 -17"><span class='ocrx_word' id='word_1_644' title='bbox 2129 4583 2362 4640; x_wconf 91' lang='lat' dir='ltr'>quoque</span> <span class='ocrx_word' id='word_1_645' title='bbox 2392 4582 2531 4622; x_wconf 92' lang='lat' dir='ltr'>suos</span> <span class='ocrx_word' id='word_1_646' title='bbox 2553 4565 2738 4636; x_wconf 91' lang='lat' dir='ltr'>jussit</span> <span class='ocrx_word' id='word_1_647' title='bbox 2793 4565 2864 4619; x_wconf 89' lang='lat' dir='ltr'>ad</span> <span class='ocrx_word' id='word_1_648' title='bbox 2893 4562 3060 4617; x_wconf 89' lang='lat' dir='ltr'>illum</span> <span class='ocrx_word' id='word_1_649' title='bbox 3119 4562 3392 4630; x_wconf 82' lang='lat' dir='ltr'>scribere,</span> <span class='ocrx_word' id='word_1_650' title='bbox 3430 4560 3784 4632; x_wconf 88' lang='lat' dir='ltr'>Polemium,</span> 
     </span>
    </p>
   </div>
   <div class='ocr_carea' id='block_1_94' title="bbox 2133 4649 3792 4724">
    <p class='ocr_par' dir='ltr' id='par_1_94' title="bbox 2133 4649 3792 4724">
     <span class='ocr_line' id='line_1_94' title="bbox 2133 4649 3792 4724; baseline -0.004 -13"><span class='ocrx_word' id='word_1_651' title='bbox 2133 4656 2466 4724; x_wconf 89' lang='lat' dir='ltr'>Datianum,</span> <span class='ocrx_word' id='word_1_652' title='bbox 2493 4653 2860 4720; x_wconf 86' lang='lat' dir='ltr'>Bardionem,</span> <span class='ocrx_word' id='word_1_653' title='bbox 2885 4651 3259 4718; x_wconf 89' lang='lat' dir='ltr'>Thalassum,</span> <span class='ocrx_word' id='word_1_654' title='bbox 3291 4651 3550 4706; x_wconf 91' lang='lat' dir='ltr'>Taurum</span> <span class='ocrx_word' id='word_1_655' title='bbox 3572 4653 3630 4706; x_wconf 91' lang='lat' dir='ltr'>et</span> <span class='ocrx_word' id='word_1_656' title='bbox 3661 4649 3792 4705; x_wconf 91' lang='lat' dir='ltr'>Flo-</span> 
     </span>
    </p>
   </div>
   <div class='ocr_carea' id='block_1_95' title="bbox 356 4738 2015 4827">
    <p class='ocr_par' dir='ltr' id='par_1_95' title="bbox 356 4738 2015 4816">
     <span class='ocr_line' id='line_1_95' title="bbox 356 4738 2015 4816; baseline -0.001 -19"><span class='ocrx_word' id='word_1_657' title='bbox 356 4742 448 4797; x_wconf 80' lang='grc' dir='ltr'>καὶ</span> <span class='ocrx_word' id='word_1_658' title='bbox 497 4739 710 4816; x_wconf 78' lang='grc' dir='ltr'>μᾶλλον</span> <span class='ocrx_word' id='word_1_659' title='bbox 767 4739 1033 4796; x_wconf 71' lang='grc' dir='ltr'>πιστεύειν</span> <span class='ocrx_word' id='word_1_660' title='bbox 1081 4741 1192 4814; x_wconf 72' lang='grc' dir='ltr'>ἦν),</span> <span class='ocrx_word' id='word_1_661' title='bbox 1239 4741 1302 4795; x_wconf 88' lang='grc' dir='ltr'>τὸ</span> <span class='ocrx_word' id='word_1_662' title='bbox 1353 4738 1410 4795; x_wconf 75' lang='grc' dir='ltr'>δὲ</span> <span class='ocrx_word' id='word_1_663' title='bbox 1462 4740 1590 4796; x_wconf 80' lang='grc' dir='ltr'>ὅλον</span> <span class='ocrx_word' id='word_1_664' title='bbox 1638 4739 1888 4803; x_wconf 80' lang='grc' dir='ltr'>δεδωκὼς</span> <span class='ocrx_word' id='word_1_665' title='bbox 1937 4747 2015 4814; x_wconf 78' lang='grc' dir='ltr'>τῷ</span> 
     </span>
    </p>
   </div>
   <div class='ocr_carea' id='block_1_96' title="bbox 2130 4738 3789 4827">
    <p class='ocr_par' dir='ltr' id='par_1_96' title="bbox 2130 4739 3789 4815">
     <span class='ocr_line' id='line_1_96' title="bbox 2130 4739 3789 4815; baseline -0.003 -15"><span class='ocrx_word' id='word_1_666' title='bbox 2130 4743 2631 4815; x_wconf 86' lang='lat' dir='ltr'>rentium,quibus</span> <span class='ocrx_word' id='word_1_667' title='bbox 2652 4741 2941 4814; x_wconf 70' lang='lat' dir='ltr'>praecipue</span> <span class='ocrx_word' id='word_1_668' title='bbox 2964 4740 3234 4796; x_wconf 90' lang='lat' dir='ltr'>habenda</span> <span class='ocrx_word' id='word_1_669' title='bbox 3253 4741 3398 4795; x_wconf 85' lang='lat' dir='ltr'>ﬁdes</span> <span class='ocrx_word' id='word_1_670' title='bbox 3420 4741 3585 4810; x_wconf 85' lang='lat' dir='ltr'>erat),</span> <span class='ocrx_word' id='word_1_671' title='bbox 3610 4739 3789 4795; x_wconf 83' lang='lat' dir='ltr'>Atha-</span> 
     </span>
    </p>
   </div>
   <div class='ocr_carea' id='block_1_97' title="bbox 369 4830 2015 4905">
    <p class='ocr_par' dir='ltr' id='par_1_97' title="bbox 369 4830 2015 4905">
     <span class='ocr_line' id='line_1_97' title="bbox 369 4830 2015 4905; baseline -0.002 -18"><span class='ocrx_word' id='word_1_672' title='bbox 369 4835 506 4905; x_wconf 82' lang='grc' dir='ltr'>Θεῷ,</span> <span class='ocrx_word' id='word_1_673' title='bbox 553 4834 633 4902; x_wconf 81' lang='grc' dir='ltr'>τῷ</span> <span class='ocrx_word' id='word_1_674' title='bbox 661 4830 751 4884; x_wconf 83' lang='grc' dir='ltr'>καὶ</span> <span class='ocrx_word' id='word_1_675' title='bbox 800 4831 876 4892; x_wconf 85' lang='grc' dir='ltr'>εἷς</span> <span class='ocrx_word' id='word_1_676' title='bbox 923 4835 1085 4884; x_wconf 68' lang='grc' dir='ltr'>τοῦτο</span> <span class='ocrx_word' id='word_1_677' title='bbox 1143 4830 1483 4900; x_wconf 82' lang='grc' dir='ltr'>κατανύξαντι</span> <span class='ocrx_word' id='word_1_678' title='bbox 1525 4831 1616 4884; x_wconf 86' lang='grc' dir='ltr'>τὸν</span> <span class='ocrx_word' id='word_1_679' title='bbox 1668 4831 2015 4902; x_wconf 70' lang='grc' dir='ltr'>Κωντάντιον9</span> 
     </span>
    </p>
   </div>
   <div class='ocr_carea' id='block_1_98' title="bbox 355 4917 2018 4993">
    <p class='ocr_par' dir='ltr' id='par_1_98' title="bbox 355 4917 2018 4993">
     <span class='ocr_line' id='line_1_98' title="bbox 355 4917 2018 4993; baseline -0.001 -19"><span class='ocrx_word' id='word_1_680' title='bbox 355 4918 524 4989; x_wconf 76' lang='grc' dir='ltr'>ἦλθεν</span> <span class='ocrx_word' id='word_1_681' title='bbox 589 4920 902 4980; x_wconf 85' lang='grc' dir='ltr'>Ἀθανάσιος</span> <span class='ocrx_word' id='word_1_682' title='bbox 963 4919 1097 4992; x_wconf 87' lang='grc' dir='ltr'>μετά</span> <span class='ocrx_word' id='word_1_683' title='bbox 1141 4923 1249 4973; x_wconf 83' lang='grc' dir='ltr'>τῶν</span> <span class='ocrx_word' id='word_1_684' title='bbox 1307 4917 1398 4972; x_wconf 79' lang='grc' dir='ltr'>σὺν</span> <span class='ocrx_word' id='word_1_685' title='bbox 1451 4918 1598 4990; x_wconf 81' lang='grc' dir='ltr'>αὐτῷ</span> <span class='ocrx_word' id='word_1_686' title='bbox 1645 4919 1780 4993; x_wconf 86' lang='grc' dir='ltr'>πρὸς</span> <span class='ocrx_word' id='word_1_687' title='bbox 1841 4919 2018 4990; x_wconf 77' lang='grc' dir='ltr'>αὐτὸν,</span> 
     </span>
    </p>
   </div>
   <div class='ocr_carea' id='block_1_99' title="bbox 364 5006 2023 5085">
    <p class='ocr_par' dir='ltr' id='par_1_99' title="bbox 364 5006 2023 5085">
     <span class='ocr_line' id='line_1_99' title="bbox 364 5006 2023 5085; baseline 0 -22"><span class='ocrx_word' id='word_1_688' title='bbox 364 5007 606 5085; x_wconf 87' lang='grc' dir='ltr'>γνησίως</span> <span class='ocrx_word' id='word_1_689' title='bbox 636 5029 698 5063; x_wconf 87' lang='grc' dir='ltr'>τε</span> <span class='ocrx_word' id='word_1_690' title='bbox 747 5007 906 5063; x_wconf 74' lang='grc' dir='ltr'>αὐτὸν</span> <span class='ocrx_word' id='word_1_691' title='bbox 954 5009 1182 5083; x_wconf 76' lang='grc' dir='ltr'>ἑώρακε,</span> <span class='ocrx_word' id='word_1_692' title='bbox 1213 5008 1302 5062; x_wconf 84' lang='grc' dir='ltr'>καὶ</span> <span class='ocrx_word' id='word_1_693' title='bbox 1353 5006 1616 5063; x_wconf 87' lang='grc' dir='ltr'>ἀπέλυσεν</span> <span class='ocrx_word' id='word_1_694' title='bbox 1667 5006 1924 5063; x_wconf 83' lang='grc' dir='ltr'>εἰσελθεῖν</span> <span class='ocrx_word' id='word_1_695' title='bbox 1947 5009 2023 5071; x_wconf 82' lang='grc' dir='ltr'>εἰς</span> 
     </span>
    </p>
   </div>
   <div class='ocr_carea' id='block_1_100' title="bbox 356 5093 2022 5172">
    <p class='ocr_par' dir='ltr' id='par_1_100' title="bbox 356 5093 2022 5172">
     <span class='ocr_line' id='line_1_100' title="bbox 356 5093 2022 5172; baseline 0.001 -21"><span class='ocrx_word' id='word_1_696' title='bbox 356 5098 458 5166; x_wconf 79' lang='grc' dir='ltr'>τὴν</span> <span class='ocrx_word' id='word_1_697' title='bbox 507 5093 743 5170; x_wconf 79' lang='grc' dir='ltr'>πατρίδα</span> <span class='ocrx_word' id='word_1_698' title='bbox 789 5096 878 5151; x_wconf 84' lang='grc' dir='ltr'>καὶ</span> <span class='ocrx_word' id='word_1_699' title='bbox 942 5097 1038 5159; x_wconf 78' lang='grc' dir='ltr'>τὰς</span> <span class='ocrx_word' id='word_1_700' title='bbox 1087 5095 1437 5167; x_wconf 83' lang='grc' dir='ltr'>Ἐκκλησίας,</span> <span class='ocrx_word' id='word_1_701' title='bbox 1489 5098 1704 5172; x_wconf 84' lang='grc' dir='ltr'>γράψας</span> <span class='ocrx_word' id='word_1_702' title='bbox 1758 5097 1848 5151; x_wconf 80' lang='grc' dir='ltr'>καὶ</span> <span class='ocrx_word' id='word_1_703' title='bbox 1906 5104 2022 5161; x_wconf 78' lang='grc' dir='ltr'>τοῖς</span> 
     </span>
    </p>
   </div>
   <div class='ocr_carea' id='block_1_101' title="bbox 363 5183 2026 5263">
    <p class='ocr_par' dir='ltr' id='par_1_101' title="bbox 363 5183 2026 5263">
     <span class='ocr_line' id='line_1_101' title="bbox 363 5183 2026 5263; baseline 0.001 -21"><span class='ocrx_word' id='word_1_704' title='bbox 363 5187 502 5242; x_wconf 85' lang='grc' dir='ltr'>κατά</span> <span class='ocrx_word' id='word_1_705' title='bbox 529 5185 696 5242; x_wconf 87' lang='grc' dir='ltr'>τόπον</span> <span class='ocrx_word' id='word_1_706' title='bbox 729 5183 1028 5255; x_wconf 82' lang='grc' dir='ltr'>δικασταῖς,</span> <span class='ocrx_word' id='word_1_707' title='bbox 1070 5183 1256 5256; x_wconf 76' lang='grc' dir='ltr'>ἐπειδὴ</span> <span class='ocrx_word' id='word_1_708' title='bbox 1308 5186 1572 5263; x_wconf 84' lang='grc' dir='ltr'>πρότερον</span> <span class='ocrx_word' id='word_1_709' title='bbox 1625 5188 1926 5260; x_wconf 83' lang='grc' dir='ltr'>προστάξας</span> <span class='ocrx_word' id='word_1_710' title='bbox 1959 5189 2026 5258; x_wconf 76' lang='grc' dir='ltr'>ἦν</span> 
     </span>
    </p>
   </div>
   <div class='ocr_carea' id='block_1_102' title="bbox 365 5272 2027 5355">
    <p class='ocr_par' dir='ltr' id='par_1_102' title="bbox 365 5272 2027 5355">
     <span class='ocr_line' id='line_1_102' title="bbox 365 5272 2027 5355; baseline 0.001 -24"><span class='ocrx_word' id='word_1_711' title='bbox 365 5275 726 5355; x_wconf 83' lang='grc' dir='ltr'>φυλάττεσθαι</span> <span class='ocrx_word' id='word_1_712' title='bbox 781 5276 878 5338; x_wconf 78' lang='grc' dir='ltr'>τάς</span> <span class='ocrx_word' id='word_1_713' title='bbox 934 5272 1188 5345; x_wconf 86' lang='grc' dir='ltr'>διόδους,</span> <span class='ocrx_word' id='word_1_714' title='bbox 1236 5274 1324 5330; x_wconf 71' lang='grc' dir='ltr'>’ἱνα</span> <span class='ocrx_word' id='word_1_715' title='bbox 1379 5275 1661 5332; x_wconf 84' lang='grc' dir='ltr'>ἀκώλυτον</span> <span class='ocrx_word' id='word_1_716' title='bbox 1701 5274 1869 5353; x_wconf 80' lang='grc' dir='ltr'>ἔχωσι</span> <span class='ocrx_word' id='word_1_717' title='bbox 1927 5280 2027 5347; x_wconf 76' lang='grc' dir='ltr'>τήν</span> 
     </span>
    </p>
   </div>
   <div class='ocr_carea' id='block_1_103' title="bbox 365 5361 2027 5442">
    <p class='ocr_par' dir='ltr' id='par_1_103' title="bbox 365 5361 2027 5442">
     <span class='ocr_line' id='line_1_103' title="bbox 365 5361 2027 5442; baseline 0 -22"><span class='ocrx_word' id='word_1_718' title='bbox 365 5361 621 5441; x_wconf 87' lang='grc' dir='ltr'>πάροδον.</span> <span class='ocrx_word' id='word_1_719' title='bbox 658 5364 788 5420; x_wconf 74' lang='grc' dir='ltr'>Εἶτα</span> <span class='ocrx_word' id='word_1_720' title='bbox 833 5368 930 5419; x_wconf 74' lang='grc' dir='ltr'>τοῦ</span> <span class='ocrx_word' id='word_1_721' title='bbox 986 5364 1282 5420; x_wconf 85' lang='grc' dir='ltr'>ἐπισκόπου</span> <span class='ocrx_word' id='word_1_722' title='bbox 1330 5362 1750 5442; x_wconf 86' lang='grc' dir='ltr'>ἀποδυρομένου</span> <span class='ocrx_word' id='word_1_723' title='bbox 1801 5367 1925 5440; x_wconf 87' lang='grc' dir='ltr'>περί</span> <span class='ocrx_word' id='word_1_724' title='bbox 1956 5368 2027 5420; x_wconf 83' lang='grc' dir='ltr'>ὧν</span> 
     </span>
    </p>
   </div>
   <div class='ocr_carea' id='block_1_104' title="bbox 440 5561 1418 5635">
    <p class='ocr_par' dir='ltr' id='par_1_104' title="bbox 440 5561 1418 5635">
     <span class='ocr_line' id='line_1_104' title="bbox 440 5561 1418 5635; baseline -0.001 -18"><span class='ocrx_word' id='word_1_725' title='bbox 440 5561 554 5635; x_wconf 90' lang='grc'>(87)</span> <span class='ocrx_word' id='word_1_726' title='bbox 585 5563 672 5635; x_wconf 78' lang='lat' dir='ltr'>Ita</span> <span class='ocrx_word' id='word_1_727' title='bbox 699 5561 840 5635; x_wconf 68' lang='lat' dir='ltr'>Reg.</span> <span class='ocrx_word' id='word_1_728' title='bbox 875 5562 1058 5635; x_wconf 74' lang='lat' dir='ltr'>Dditi,</span> <span class='ocrx_word' id='word_1_729' title='bbox 1089 5563 1122 5630; x_wconf 83' lang='grc' dir='ltr'>ἡ</span> <span class='ocrx_word' id='word_1_730' title='bbox 1161 5561 1418 5635; x_wconf 35' lang='grc' dir='ltr'>μένλθῐο.</span> 
     </span>
    </p>
   </div>
   <div class='ocr_carea' id='block_1_105' title="bbox 442 5630 1862 5708">
    <p class='ocr_par' dir='ltr' id='par_1_105' title="bbox 442 5630 1862 5708">
     <span class='ocr_line' id='line_1_105' title="bbox 442 5630 1862 5708; baseline -0.001 -20"><span class='ocrx_word' id='word_1_731' title='bbox 589 5630 1062 5708; x_wconf 29' lang='grc' dir='ltr'>ἓίοζῆἒεᾉῐᾷᾀίιί</span> <span class='ocrx_word' id='word_1_732' title='bbox 1094 5630 1248 5691; x_wconf 73' lang='lat' dir='ltr'>vero.</span> <span class='ocrx_word' id='word_1_733' title='bbox 1281 5632 1361 5708; x_wconf 68' lang='grc' dir='ltr'>ὅτι</span> <span class='ocrx_word' id='word_1_734' title='bbox 1392 5633 1458 5685; x_wconf 70' lang='grc' dir='ltr'>τά</span> <span class='ocrx_word' id='word_1_735' title='bbox 1489 5633 1624 5708; x_wconf 77' lang='grc' dir='ltr'>κατά</span> <span class='ocrx_word' id='word_1_736' title='bbox 1655 5630 1862 5689; x_wconf 80' lang='grc' dir='ltr'>ἄλλων.</span> 
     </span>
    </p>
   </div>
   <div class='ocr_carea' id='block_1_106' title="bbox 465 5701 1563 5778">
    <p class='ocr_par' dir='ltr' id='par_1_106' title="bbox 465 5701 1563 5778">
     <span class='ocr_line' id='line_1_106' title="bbox 465 5701 1563 5778; baseline 0 -18"><span class='ocrx_word' id='word_1_737' title='bbox 465 5701 556 5777; x_wconf 88' lang='grc'>89)</span> <span class='ocrx_word' id='word_1_738' title='bbox 589 5701 1030 5778; x_wconf 63' lang='grc' dir='ltr'>[ιαΒθεῗΕᾶὶιί</span> <span class='ocrx_word' id='word_1_739' title='bbox 1061 5711 1280 5772; x_wconf 90' lang='lat' dir='ltr'>autem,</span> <span class='ocrx_word' id='word_1_740' title='bbox 1314 5701 1563 5764; x_wconf 82' lang='grc' dir='ltr'>λαϊκούς.</span> 
     </span>
    </p>
   </div>
   <div class='ocr_carea' id='block_1_107' title="bbox 467 5776 1314 5846">
    <p class='ocr_par' dir='ltr' id='par_1_107' title="bbox 467 5776 1314 5846">
     <span class='ocr_line' id='line_1_107' title="bbox 467 5776 1314 5846; baseline 0.001 -15"><span class='ocrx_word' id='word_1_741' title='bbox 467 5776 562 5846; x_wconf 90' lang='grc'>90)</span> <span class='ocrx_word' id='word_1_742' title='bbox 592 5776 715 5832; x_wconf 89' lang='lat' dir='ltr'>Sub</span> <span class='ocrx_word' id='word_1_743' title='bbox 747 5776 985 5833; x_wconf 75' lang='lat' dir='ltr'>initium</span> <span class='ocrx_word' id='word_1_744' title='bbox 1018 5777 1159 5834; x_wconf 87' lang='lat' dir='ltr'>anni</span> <span class='ocrx_word' id='word_1_745' title='bbox 1191 5779 1314 5832; x_wconf 78' lang='grc'>349·</span> 
     </span>
    </p>
   </div>
   <div class='ocr_carea' id='block_1_108' title="bbox 446 5843 2033 5922">
    <p class='ocr_par' dir='ltr' id='par_1_108' title="bbox 446 5843 2033 5922">
     <span class='ocr_line' id='line_1_108' title="bbox 446 5843 2033 5922; baseline 0.001 -19"><span class='ocrx_word' id='word_1_746' title='bbox 446 5843 563 5921; x_wconf 56' lang='grc'>(91⁷)</span> <span class='ocrx_word' id='word_1_747' title='bbox 597 5849 682 5906; x_wconf 85' lang='lat' dir='ltr'>Ita</span> <span class='ocrx_word' id='word_1_748' title='bbox 711 5848 844 5922; x_wconf 83' lang='lat' dir='ltr'>Seg.</span> <span class='ocrx_word' id='word_1_749' title='bbox 877 5853 936 5907; x_wconf 88' lang='lat' dir='ltr'>et</span> <span class='ocrx_word' id='word_1_750' title='bbox 967 5849 1144 5908; x_wconf 87' lang='lat' dir='ltr'>Basil.</span> <span class='ocrx_word' id='word_1_751' title='bbox 1170 5849 1321 5908; x_wconf 90' lang='lat' dir='ltr'>Editi</span> <span class='ocrx_word' id='word_1_752' title='bbox 1353 5865 1578 5918; x_wconf 90' lang='lat' dir='ltr'>omnes,</span> <span class='ocrx_word' id='word_1_753' title='bbox 1640 5847 1813 5918; x_wconf 90' lang='lat' dir='ltr'>male,</span> <span class='ocrx_word' id='word_1_754' title='bbox 1857 5843 2033 5904; x_wconf 81' lang='grc' dir='ltr'>διεϐε-</span> 
     </span>
    </p>
   </div>
   <div class='ocr_carea' id='block_1_109' title="bbox 2133 4828 3792 4902">
    <p class='ocr_par' dir='ltr' id='par_1_109' title="bbox 2133 4828 3792 4902">
     <span class='ocr_line' id='line_1_109' title="bbox 2133 4828 3792 4902; baseline -0.004 -12"><span class='ocrx_word' id='word_1_755' title='bbox 2133 4835 2334 4890; x_wconf 87' lang='lat' dir='ltr'>nasius</span> <span class='ocrx_word' id='word_1_756' title='bbox 2367 4849 2492 4888; x_wconf 90' lang='lat' dir='ltr'>rem</span> <span class='ocrx_word' id='word_1_757' title='bbox 2525 4837 2705 4887; x_wconf 81' lang='lat' dir='ltr'>totam</span> <span class='ocrx_word' id='word_1_758' title='bbox 2741 4836 2850 4887; x_wconf 90' lang='lat' dir='ltr'>Deo</span> <span class='ocrx_word' id='word_1_759' title='bbox 2886 4835 3185 4902; x_wconf 89' lang='lat' dir='ltr'>acceptam</span> <span class='ocrx_word' id='word_1_760' title='bbox 3246 4830 3526 4898; x_wconf 85' lang='lat' dir='ltr'>referens,</span> <span class='ocrx_word' id='word_1_761' title='bbox 3561 4828 3660 4901; x_wconf 90' lang='lat' dir='ltr'>qui</span> <span class='ocrx_word' id='word_1_762' title='bbox 3693 4845 3792 4886; x_wconf 89' lang='lat' dir='ltr'>cor</span> 
     </span>
    </p>
   </div>
   <div class='ocr_carea' id='block_1_110' title="bbox 2131 4921 3789 4994">
    <p class='ocr_par' dir='ltr' id='par_1_110' title="bbox 2131 4921 3789 4994">
     <span class='ocr_line' id='line_1_110' title="bbox 2131 4921 3789 4994; baseline -0.005 -14"><span class='ocrx_word' id='word_1_763' title='bbox 2131 4922 2452 4980; x_wconf 84' lang='lat' dir='ltr'>Constantii</span> <span class='ocrx_word' id='word_1_764' title='bbox 2485 4925 2923 4994; x_wconf 75' lang='lat' dir='ltr'>compunxerat,</span> <span class='ocrx_word' id='word_1_765' title='bbox 2957 4925 3022 4975; x_wconf 88' lang='lat' dir='ltr'>ut</span> <span class='ocrx_word' id='word_1_766' title='bbox 3051 4936 3178 4975; x_wconf 89' lang='lat' dir='ltr'>eam</span> <span class='ocrx_word' id='word_1_767' title='bbox 3211 4935 3334 4975; x_wconf 89' lang='lat' dir='ltr'>rem</span> <span class='ocrx_word' id='word_1_768' title='bbox 3403 4921 3619 4991; x_wconf 89' lang='lat' dir='ltr'>ageret,</span> <span class='ocrx_word' id='word_1_769' title='bbox 3653 4934 3789 4974; x_wconf 90' lang='lat' dir='ltr'>cum</span> 
     </span>
    </p>
   </div>
   <div class='ocr_carea' id='block_1_111' title="bbox 2134 5007 3792 5082">
    <p class='ocr_par' dir='ltr' id='par_1_111' title="bbox 2134 5007 3792 5082">
     <span class='ocr_line' id='line_1_111' title="bbox 2134 5007 3792 5082; baseline -0.005 -12"><span class='ocrx_word' id='word_1_770' title='bbox 2134 5013 2258 5070; x_wconf 89' lang='lat' dir='ltr'>suis</span> <span class='ocrx_word' id='word_1_771' title='bbox 2290 5012 2458 5067; x_wconf 90' lang='lat' dir='ltr'>illum</span> <span class='ocrx_word' id='word_1_772' title='bbox 2491 5011 2666 5077; x_wconf 90' lang='lat' dir='ltr'>adiit;</span> <span class='ocrx_word' id='word_1_773' title='bbox 2701 5027 2874 5082; x_wconf 91' lang='lat' dir='ltr'>quem</span> <span class='ocrx_word' id='word_1_774' title='bbox 2897 5008 3128 5082; x_wconf 89' lang='lat' dir='ltr'>placido</span> <span class='ocrx_word' id='word_1_775' title='bbox 3157 5008 3324 5064; x_wconf 88' lang='lat' dir='ltr'>vultu</span> <span class='ocrx_word' id='word_1_776' title='bbox 3356 5009 3674 5080; x_wconf 85' lang='lat' dir='ltr'>imperator</span> <span class='ocrx_word' id='word_1_777' title='bbox 3701 5007 3792 5062; x_wconf 91' lang='lat' dir='ltr'>in-</span> 
     </span>
    </p>
   </div>
   <div class='ocr_carea' id='block_1_112' title="bbox 2132 5095 3794 5171">
    <p class='ocr_par' dir='ltr' id='par_1_112' title="bbox 2132 5095 3794 5171">
     <span class='ocr_line' id='line_1_112' title="bbox 2132 5095 3794 5171; baseline -0.004 -13"><span class='ocrx_word' id='word_1_778' title='bbox 2132 5102 2322 5158; x_wconf 90' lang='lat' dir='ltr'>tuitus</span> <span class='ocrx_word' id='word_1_779' title='bbox 2344 5105 2453 5166; x_wconf 88' lang='lat' dir='ltr'>est,</span> <span class='ocrx_word' id='word_1_780' title='bbox 2478 5100 2822 5170; x_wconf 89' lang='lat' dir='ltr'>dimisitque</span> <span class='ocrx_word' id='word_1_781' title='bbox 2844 5103 2909 5154; x_wconf 93' lang='lat' dir='ltr'>ut</span> <span class='ocrx_word' id='word_1_782' title='bbox 2939 5099 2996 5153; x_wconf 93' lang='lat' dir='ltr'>in</span> <span class='ocrx_word' id='word_1_783' title='bbox 3031 5098 3281 5171; x_wconf 88' lang='lat' dir='ltr'>patriam</span> <span class='ocrx_word' id='word_1_784' title='bbox 3309 5101 3367 5152; x_wconf 92' lang='lat' dir='ltr'>et</span> <span class='ocrx_word' id='word_1_785' title='bbox 3394 5096 3455 5151; x_wconf 91' lang='lat' dir='ltr'>in</span> <span class='ocrx_word' id='word_1_786' title='bbox 3502 5095 3794 5152; x_wconf 79' lang='lat' dir='ltr'>Ecclesiae</span> 
     </span>
    </p>
   </div>
   <div class='ocr_carea' id='block_1_113' title="bbox 2135 5183 3796 5262">
    <p class='ocr_par' dir='ltr' id='par_1_113' title="bbox 2135 5183 3796 5262">
     <span class='ocr_line' id='line_1_113' title="bbox 2135 5183 3796 5262; baseline -0.005 -15"><span class='ocrx_word' id='word_1_787' title='bbox 2135 5208 2274 5247; x_wconf 90' lang='lat' dir='ltr'>suas</span> <span class='ocrx_word' id='word_1_788' title='bbox 2307 5189 2727 5262; x_wconf 87' lang='lat' dir='ltr'>ingrederetur,</span> <span class='ocrx_word' id='word_1_789' title='bbox 2761 5187 2962 5243; x_wconf 88' lang='lat' dir='ltr'>missis</span> <span class='ocrx_word' id='word_1_790' title='bbox 2992 5186 3204 5242; x_wconf 90' lang='lat' dir='ltr'>litteris</span> <span class='ocrx_word' id='word_1_791' title='bbox 3235 5187 3306 5242; x_wconf 90' lang='lat' dir='ltr'>ad</span> <span class='ocrx_word' id='word_1_792' title='bbox 3337 5185 3530 5241; x_wconf 91' lang='lat' dir='ltr'>varios</span> <span class='ocrx_word' id='word_1_793' title='bbox 3579 5201 3682 5257; x_wconf 91' lang='lat' dir='ltr'>per</span> <span class='ocrx_word' id='word_1_794' title='bbox 3708 5183 3796 5240; x_wconf 89' lang='lat' dir='ltr'>di-</span> 
     </span>
    </p>
   </div>
   <div class='ocr_carea' id='block_1_114' title="bbox 2134 5272 3796 5350">
    <p class='ocr_par' dir='ltr' id='par_1_114' title="bbox 2134 5272 3796 5350">
     <span class='ocr_line' id='line_1_114' title="bbox 2134 5272 3796 5350; baseline -0.004 -14"><span class='ocrx_word' id='word_1_795' title='bbox 2134 5297 2303 5337; x_wconf 86' lang='lat' dir='ltr'>versa</span> <span class='ocrx_word' id='word_1_796' title='bbox 2329 5279 2455 5335; x_wconf 88' lang='lat' dir='ltr'>loca</span> <span class='ocrx_word' id='word_1_797' title='bbox 2477 5278 2730 5350; x_wconf 89' lang='lat' dir='ltr'>judices,</span> <span class='ocrx_word' id='word_1_798' title='bbox 2765 5278 2983 5349; x_wconf 89' lang='lat' dir='ltr'>quiqus</span> <span class='ocrx_word' id='word_1_799' title='bbox 3015 5280 3150 5332; x_wconf 90' lang='lat' dir='ltr'>ante</span> <span class='ocrx_word' id='word_1_800' title='bbox 3205 5277 3559 5348; x_wconf 68' lang='lat' dir='ltr'>praeceperat</span> <span class='ocrx_word' id='word_1_801' title='bbox 3598 5272 3796 5329; x_wconf 90' lang='lat' dir='ltr'>aditus</span> 
     </span>
    </p>
   </div>
   <div class='ocr_carea' id='block_1_115' title="bbox 2137 5361 3793 5440">
    <p class='ocr_par' dir='ltr' id='par_1_115' title="bbox 2137 5361 3793 5440">
     <span class='ocr_line' id='line_1_115' title="bbox 2137 5361 3793 5440; baseline -0.005 -14"><span class='ocrx_word' id='word_1_802' title='bbox 2137 5369 2453 5435; x_wconf 91' lang='lat' dir='ltr'>custodire,</span> <span class='ocrx_word' id='word_1_803' title='bbox 2515 5371 2581 5423; x_wconf 93' lang='lat' dir='ltr'>ut</span> <span class='ocrx_word' id='word_1_804' title='bbox 2634 5367 3034 5437; x_wconf 89' lang='lat' dir='ltr'>liberumjam</span> <span class='ocrx_word' id='word_1_805' title='bbox 3094 5366 3419 5440; x_wconf 74' lang='lat' dir='ltr'>praeberent</span> <span class='ocrx_word' id='word_1_806' title='bbox 3455 5361 3793 5420; x_wconf 89' lang='lat' dir='ltr'>transitum.</span> 
     </span>
    </p>
   </div>
   <div class='ocr_carea' id='block_1_116' title="bbox 2140 5561 3794 5640">
    <p class='ocr_par' dir='ltr' id='par_1_116' title="bbox 2140 5561 3794 5640">
     <span class='ocr_line' id='line_1_116' title="bbox 2140 5561 3794 5640; baseline -0.002 -22"><span class='ocrx_word' id='word_1_807' title='bbox 2140 5561 2416 5640; x_wconf 73' lang='grc' dir='ltr'>ϐαιοῦντο.</span> <span class='ocrx_word' id='word_1_808' title='bbox 2450 5565 2580 5621; x_wconf 82' lang='lat' dir='ltr'>Mox</span> <span class='ocrx_word' id='word_1_809' title='bbox 2613 5567 2745 5640; x_wconf 86' lang='lat' dir='ltr'>post</span> <span class='ocrx_word' id='word_1_810' title='bbox 2774 5562 3083 5640; x_wconf 68' lang='grc' dir='ltr'>ἐπιτρέψαι,</span> <span class='ocrx_word' id='word_1_811' title='bbox 3110 5563 3248 5619; x_wconf 89' lang='lat' dir='ltr'>editi</span> <span class='ocrx_word' id='word_1_812' title='bbox 3279 5562 3497 5640; x_wconf 86' lang='lat' dir='ltr'>habent</span> <span class='ocrx_word' id='word_1_813' title='bbox 3531 5579 3638 5640; x_wconf 49' lang='lat' dir='ltr'>pa,</span> <span class='ocrx_word' id='word_1_814' title='bbox 3666 5576 3794 5631; x_wconf 64' lang='lat' dir='ltr'>qua;</span> 
     </span>
    </p>
   </div>
   <div class='ocr_carea' id='block_1_117' title="bbox 2139 5632 3796 5721">
    <p class='ocr_par' dir='ltr' id='par_1_117' title="bbox 2139 5632 3796 5721">
     <span class='ocr_line' id='line_1_117' title="bbox 2139 5632 3796 5721; baseline -0.004 -28"><span class='ocrx_word' id='word_1_815' title='bbox 2139 5656 2256 5721; x_wconf 44' lang='lat' dir='ltr'>vox.</span> <span class='ocrx_word' id='word_1_816' title='bbox 2297 5632 2635 5709; x_wconf 79' lang='lat' dir='ltr'>importuna</span> <span class='ocrx_word' id='word_1_817' title='bbox 2676 5636 2735 5690; x_wconf 90' lang='lat' dir='ltr'>in</span> <span class='ocrx_word' id='word_1_818' title='bbox 2796 5632 2933 5707; x_wconf 84' lang='lat' dir='ltr'>Reg.</span> <span class='ocrx_word' id='word_1_819' title='bbox 2976 5632 3187 5691; x_wconf 61' lang='lat' dir='ltr'>&#39;deleta</span> <span class='ocrx_word' id='word_1_820' title='bbox 3245 5638 3350 5702; x_wconf 85' lang='lat' dir='ltr'>est,</span> <span class='ocrx_word' id='word_1_821' title='bbox 3417 5651 3452 5689; x_wconf 85' lang='lat' dir='ltr'>a</span> <span class='ocrx_word' id='word_1_822' title='bbox 3508 5632 3796 5703; x_wconf 89' lang='lat' dir='ltr'>nobisque</span> 
     </span>
    </p>
   </div>
   <div class='ocr_carea' id='block_1_118' title="bbox 2142 5727 3087 5852">
    <p class='ocr_par' dir='ltr' id='par_1_118' title="bbox 2142 5727 3087 5852">
     <span class='ocr_line' id='line_1_118' title="bbox 2142 5727 2380 5765; baseline -0.004 -1"><span class='ocrx_word' id='word_1_823' title='bbox 2142 5727 2380 5765; x_wconf 81' lang='lat' dir='ltr'>omissa.</span> 
     </span>
     <span class='ocr_line' id='line_1_119' title="bbox 2214 5776 3087 5852; baseline -0.002 -16"><span class='ocrx_word' id='word_1_824' title='bbox 2214 5783 2326 5852; x_wconf 77' lang='lat'>(92)</span> <span class='ocrx_word' id='word_1_825' title='bbox 2360 5780 2576 5852; x_wconf 82' lang='lat' dir='ltr'>Regius</span> <span class='ocrx_word' id='word_1_826' title='bbox 2608 5780 2805 5852; x_wconf 85' lang='lat' dir='ltr'>codex,</span> <span class='ocrx_word' id='word_1_827' title='bbox 2837 5776 3087 5852; x_wconf 54' lang='lat' dir='ltr'>accpi-cx.</span> 
     </span>
    </p>
   </div>
   <div class='ocr_carea' id='block_1_119' title="bbox 2214 5783 3193 5927">
    <p class='ocr_par' dir='ltr' id='par_1_119' title="bbox 2214 5783 3193 5927">
     <span class='ocr_line' id='line_1_120' title="bbox 2236 5783 3087 5852; baseline -0.002 -16"><span class='ocrx_word' id='word_1_828' title='bbox 2236 5785 2306 5836; x_wconf 76' lang='lat'>92</span> <span class='ocrx_word' id='word_1_829' title='bbox 2360 5783 2576 5852; x_wconf 82' lang='lat' dir='ltr'>Regius</span> <span class='ocrx_word' id='word_1_830' title='bbox 2608 5783 2805 5848; x_wconf 87' lang='lat' dir='ltr'>codex,</span> <span class='ocrx_word' id='word_1_831' title='bbox 2837 5783 3087 5848; x_wconf 83' lang='grc' dir='ltr'>κόμιτας.</span> 
     </span>
     <span class='ocr_line' id='line_1_121' title="bbox 2214 5783 3193 5927; baseline 0 -19"><span class='ocrx_word' id='word_1_832' title='bbox 2214 5783 2328 5926; x_wconf 58' lang='grc'>(93)</span> <span class='ocrx_word' id='word_1_833' title='bbox 2362 5852 2578 5925; x_wconf 79' lang='lat' dir='ltr'>Regius</span> <span class='ocrx_word' id='word_1_834' title='bbox 2609 5851 2808 5924; x_wconf 85' lang='lat' dir='ltr'>codex,</span> <span class='ocrx_word' id='word_1_835' title='bbox 2842 5848 3193 5927; x_wconf 82' lang='grc' dir='ltr'>Φλορέντιον.</span> 
     </span>
    </p>
   </div>
  </div>
