4132 6406
319 498 437 567 721

1262 490 1633 558 HISTORIA
1676 486 2148 556 ΑῘΠΑΝΟΗΠΜ
2192 492 2298 555 AD
2342 491 2797 559 MONAGHOS.

3606 494 3733 562 722

324 629 604 706 ταθυμίως
633 625 941 688 ἀποϐαίνειν
968 633 1047 702 τῷ
1074 628 1207 685 ποτέ
1263 650 1367 701 μου
1406 625 1625 705 ἀδελφῷ
1653 628 1972 697 Κώνσταντι,

2113 630 2389 702 [uondam
2422 647 2550 686 meo
2580 630 2885 688 Constanti
2918 646 2988 687 ex
3006 629 3297 688 sententia
3328 630 3734 701 cederent,ne-

328 720 453 778 οὐδὲ
476 724 577 791 τὴν
622 723 720 791 σὴν
770 720 971 775 σύνεσιν
1015 718 1198 775 ἔλαθεν
1234 735 1248 750 ·
1302 718 1353 773 ἐν
1382 716 1478 791 ὅσῃ
1505 738 1563 772 τε
1612 714 1758 790 λύπῃ
1808 713 1974 770 διετέ-

327 812 425 882 θην
487 812 669 885 μαθὼν
706 815 897 867 τούτον
938 811 1228 883 ἀνῃρῆσθαι
1276 809 1423 881 παρά
1470 828 1627 861 τινων
1684 805 1975 861 ἀνοσιωτά-

325 920 452 969 των,
521 900 873 975 στοχάζεσθαι
940 897 1105 953 πάλιν
1161 894 1373 951 δύναται
1432 898 1466 965 ἡ
1534 898 1599 964 σὴ
1672 895 1925 972 φρόνησις
1962 937 1974 949 .

326 989 475 1044 Ἐπεὶ
534 985 622 1042 οὖν
675 989 816 1051 τινές
870 986 998 1041 είσιν
1053 988 1104 1041 οἳ
1161 986 1212 1040 ἐν
1267 989 1346 1057 τῷ
1403 983 1630 1057 παρόντι
1661 989 1851 1059 καιρῷ,
1904 987 1981 1054 τῷ

330 1074 507 1138 οὕτως
540 1078 772 1147 πενθικῷ
805 1120 818 1145 ,
871 1074 1200 1148 πειρώμενοί
1256 1095 1313 1128 σε
1362 1068 1633 1152 ἐκφοϐεῖν,
1684 1070 1771 1126 διὰ
1817 1076 1980 1126 τοῦτο

328 1170 495 1220 ταῦτα
544 1166 679 1240 πρὸς
723 1166 823 1234 τὴν
883 1166 980 1233 σὴν
1037 1162 1367 1241 περρότητα
1425 1161 1644 1231 δοθῆναι
1680 1163 1748 1216 τὰ
1802 1162 1981 1235 γράμ-

328 1275 397 1313 τα
472 1250 812 1323 ἐδικαίωσα,
888 1253 1326 1331 προτρεπόμενός
1411 1273 1467 1307 σε
1530 1252 1644 1320 ἳνα,
1713 1252 1786 1313 ὡς
1855 1251 1983 1326 πρέ-

330 1364 422 1398 πει
462 1342 777 1417 ἐπίσκοπον,
846 1344 973 1405 τοὺς
1016 1342 1184 1405 λαοὺς
1249 1343 1315 1397 τά
1379 1341 1704 1421 ὀφειλόμενα
1759 1345 1827 1413 τῇ
1868 1338 1986 1409 θείᾳ

332 1433 592 1510 θρησκείᾳ
646 1430 919 1507 διδάσκῃς,
979 1432 1067 1487 καὶ
1115 1438 1225 1505 μετ’
1281 1431 1454 1486 αὐτῶν
1515 1433 1754 1501 συνήθως
1797 1429 1984 1505 εὐχαῖς

332 1520 637 1599 σχολάζῃς,
678 1525 752 1596 (5)
793 1522 882 1576 καὶ
946 1522 1019 1595 μή
1068 1520 1318 1594 ματαίοις
1359 1520 1619 1597 θρύλοις,
1681 1517 1873 1581 θ’ίτινες
1930 1519 1989 1572 ἀν

333 1632 589 1693 γ,νοιντο,
653 1611 961 1685 πιστεύσῃς.
1016 1615 1174 1684 Ἡμῖν
1226 1612 1329 1687 γὰρ
1394 1615 1555 1665 τοῦτο
1611 1609 1661 1664 ἐν
1715 1612 1785 1682 τῇ
1832 1610 1986 1685 ψυχῇ

332 1702 596 1777 πέπηγεν,
631 1700 767 1756 ὥστε
814 1721 871 1755 σε
928 1698 1248 1762 ἀκολούθως
1290 1703 1359 1772 τῇ
1400 1699 1642 1773 ἡμετέρᾳ
1678 1697 1990 1774 προαιρέσει

336 1786 622 1853 διαπαντὸς
690 1789 741 1846 ἐν
804 1794 885 1861 τῷ
946 1788 1102 1863 τόπῳ
1169 1811 1265 1844 σου
1318 1786 1492 1844 θέλειν
1560 1786 1851 1843 ἐπίσκοπον
1919 1787 1989 1841 εἶ-

334 1900 418 1936 ναι
459 1881 556 1952 (6).

2088 735 2201 791 que
2232 719 2552 790 prudentiae
2580 726 2694 776 tua:
2718 719 2898 776 latere
2930 720 3388 785 arbitror.Quem
3412 721 3511 776 ubi
3543 739 3577 778 a
3607 722 3735 795 qui-

2086 809 2335 865 busdam
2381 809 2850 865 sceleratissimis
2933 810 3231 866 sublatum
3308 811 3735 884 cognovissem,

2089 904 2308 971 quanto
2331 916 2574 955 moerore
2596 900 2837 955 affectus
2902 900 3037 968 sim,
3074 906 3177 955 tua
3225 900 3366 955 item
3427 902 3740 973 prudentia

2090 988 2382 1043 aestimare
2412 988 2582 1044 valet.
2616 989 2902 1044 Caeterum
2937 989 3076 1061 quia
3094 989 3359 1046 nonnulii
3392 995 3531 1046 sunt
3562 991 3662 1063 qui
3683 995 3739 1048 te

2092 1081 2213 1133 tam
2246 1076 2510 1133 luctuoso
2543 1078 2822 1150 temporis
2852 1080 3103 1135 decursu
3144 1084 3360 1135 terrere
3412 1085 3738 1148 conantur;

2092 1167 2220 1223 ideo
2254 1166 2431 1222 hasce
2466 1166 2690 1223 litteras
2722 1168 2794 1223 ad
2839 1172 3004 1223 tuam
3060 1170 3456 1225 constantiam
3510 1170 3743 1226 mittere

2096 1274 2336 1329 aequum
2386 1256 2716 1313 existimavi
2759 1275 2771 1313 :
2803 1257 3119 1329 hortorque
3155 1263 3211 1314 te
3250 1262 3333 1325 ut,
3358 1260 3743 1329 quemadmo-

2094 1346 2235 1401 dum
2267 1346 2609 1418 episcopum
2641 1347 2822 1413 decet,
2850 1364 2977 1419 quze
3009 1348 3080 1402 ad
3112 1347 3368 1403 divinam
3401 1347 3743 1421 religionem

2095 1435 2391 1508 pertinent
2412 1435 2660 1507 populos
2692 1436 2919 1505 doceas,
2972 1453 3037 1491 ac
3102 1452 3236 1491 cum
3293 1436 3410 1493 illis
3457 1439 3529 1493 de
3586 1454 3749 1494 more

2097 1525 2367 1598 precibus
2396 1541 2586 1591 vaces,
2622 1542 2811 1597 neque
2848 1526 3016 1581 vanis
3049 1525 3750 1599 rumoribus,quicunque

2094 1615 2333 1670 tandem
2357 1613 2440 1668 illi
2466 1614 2605 1685 sint,
2640 1615 2814 1670 ﬁdem
2840 1614 3140 1671 adhibeas.
3175 1616 3292 1671 Hoc
3313 1615 3469 1671 enim
3510 1617 3749 1672 ﬁrmum

2098 1703 2156 1757 in
2191 1702 2387 1757 animo
2420 1703 2788 1774 propositum
2822 1702 3132 1769 habemus,
3158 1707 3242 1773 ut,
3269 1704 3437 1775 juxta
3466 1704 3750 1777 placitum

2100 1794 2157 1847 et
2184 1791 2545 1848 voluntatem
2596 1796 2886 1864 nostram,
2940 1792 3001 1848 in
3059 1793 3178 1850 tuis
3232 1794 3464 1866 semper
3509 1794 3752 1852 sedibus

2100 1881 2409 1954 episcopus
2442 1882 2548 1938 sis.

406 1970 470 2026 Ἡ
509 1968 626 2023 θεία
661 1968 891 2044 πρόνοια
928 1965 1165 2030 πολλοῖς
1208 1965 1346 2023 ἔτεσί
1384 1988 1442 2023 σε
1482 1964 1793 2043 διατηροίη,
1835 1969 1990 2042 γονεῦ

2173 1970 2379 2027 Divina
2408 1975 2463 2027 te
2506 1971 2867 2043 providentia
2925 1972 3130 2029 multis
3182 1973 3354 2031 annis
3421 1978 3744 2043 conservet,

336 2055 783 2137 προσφιλέστατε.

410 2151 501 2206 25.
528 2146 743 2203 Τούτων
809 2146 953 2201 οὕτω
1018 2147 1385 2222 πραχθέντων,
1445 2144 1588 2201 οὕτω
1643 2166 1701 2200 τε
1746 2145 1994 2216 συνταξα-

343 2238 534 2312 μένων,
566 2236 655 2292 καὶ
685 2242 785 2305 τῆς
841 2234 970 2291 ὁδοῦ
1020 2233 1214 2291 λοιπὸν
1260 2230 1583 2305 ἐπιϐάντων,
1614 2237 1665 2289 οἱ
1711 2236 1803 2309 μὲν
1838 2234 1995 2313 φίλοι

341 2325 504 2407 φίλον
584 2328 820 2405 ὁρῶντες
900 2322 1121 2401 ἔχαιρον
1184 2344 1197 2355 ·
1256 2329 1364 2379 τῶν
1426 2322 1483 2380 δὲ
1537 2323 1722 2380 ἄλλων
1784 2326 1837 2380 οἱ
1900 2325 1992 2398 μὲν

342 2415 718 2473 ἐδυσωποῦντο
773 2413 1066 2492 βλέποντες
1114 2413 1272 2470 αὐτὸν
1308 2432 1321 2446 ’
1356 2415 1407 2468 οἱ
1458 2412 1515 2469 δὲ
1561 2415 1650 2469 καὶ
1688 2413 1994 2491 παρῥησίαν

342 2505 443 2562 οὐκ
500 2504 744 2582 ἔχοντες,
800 2502 1131 2578 ἐκρύπτοντο
1192 2521 1205 2534 ·
1268 2504 1322 2557 οἱ
1400 2501 1457 2558 δὲ
1532 2503 1622 2558 καὶ
1688 2502 1996 2580 παρρησίαν

342 2596 425 2658 οἷς
461 2592 699 2670 ἔγραψαν
747 2593 885 2647 κατὰ
931 2596 1029 2647 τοῖ’)
1078 2590 1396 2650 ἐπισκόπου.
1449 2593 1650 2654 Πάντες
1703 2590 1796 2647 οὖν
1833 2594 1914 2666 (7)
1948 2593 2000 2647 οἱ

343 2684 449 2739 ἀπὸ
524 2680 894 2751 Παλαιστίνης
968 2679 1303 2749 ἐπίσκοποι,
1356 2681 1537 2758 χωρὶς
1623 2678 1718 2735 δύο
1798 2702 1903 2736 που
1962 2682 1998 2751 ἢ

339 2776 507 2851 τριῶν
563 2774 661 2845 (8),
705 2771 795 2826 καὶ
854 2770 1028 2826 αὐτῶν
1092 2770 1347 2827 ὑπόπτῶν
1402 2770 1817 2847 τυγχανόντων,
1859 2769 2002 2825 οὕτω

340 2862 430 2918 τὸν
494 2861 810 2919 Ἀθανάσιον
871 2858 1243 2931 ὑπεδέξαντο,
1298 2859 1389 2915 καὶ
1464 2862 1565 2930 την
1640 2860 1777 2934 πρὸς
1842 2859 1999 2915 αὐτὸν

344 2951 659 3021 ἠσπάσαντο
684 2948 999 3021 κοινωνίαν,
1032 2950 1108 3012 ὡς
1151 2948 1241 3003 καὶ
1273 2950 1479 3026 γράψαι
1524 2950 1614 3004 καὶ
1648 2947 2003 3025 ἀπολογησα-

345 3043 487 3114 σθαι,
514 3039 599 3095 ὅτι
650 3039 684 3094 ἃ
731 3038 999 3116 πρότερον
1050 3036 1324 3114 ἔγραψαν,
1379 3038 1440 3093 ού
1486 3042 1623 3093 κατὰ
1666 3039 2006 3117 προαίρεσιν,

348 3128 501 3185 ἀλλὰ
564 3129 883 3205 βιαζόμενοι
954 3130 1285 3199 πεποιήκασι
1336 3172 1348 3184 .
1408 3129 1541 3203 Περὶ
1615 3129 1719 3204 γάρ
1786 3133 1894 3182 τῶν
1951 3126 2002 3183 ἐν

348 3219 619 3295 Αἰγύπτῳ
668 3217 758 3273 καὶ
811 3222 932 3280 ταῖς
982 3212 1211 3278 Λιϐύαις
1263 3217 1594 3289 ἐπισκόπων,
1642 3217 1731 3271 καὶ
1792 3221 1899 3271 τῶν
1953 3216 2002 3271 ἐν

348 3309 533 3371 αὐταῖς
564 3307 791 3363 καὶτῶν
849 3306 899 3362 ἐν
953 3304 1330 3381 Ἀλεξανδρείᾳ
1378 3304 1548 3379 λαῶν,
1598 3306 1847 3381 περιττὸν
1890 3306 2002 3361 ἐστι

345 3399 435 3455 καὶ
468 3396 647 3473 λέγειν
683 3416 697 3428 ’
731 3398 946 3452 πάντων
1000 3395 1427 3472 συντρεχόντων,
1482 3396 1572 3450 καὶ
1626 3393 1995 3465 ἆνεκλάλητον
2030 3385 2073 3450 C

347 3487 585 3566 ἐχόντων
617 3488 715 3556 τὴν
744 3487 918 3563 χαράν
958 3505 969 3517 ·
1005 3485 1114 3561 οὐχ
1143 3484 1224 3539 ὅτι
1280 3484 1443 3559 μόνον
1491 3484 1619 3547 τοὺς
1674 3482 1845 3547 ἰδίους
1876 3487 2002 3560 παρ’

349 3575 546 3634 ἐλπίδα
576 3582 779 3647 ζῶντας
815 3570 1223 3647 ἀπελάμϐανον,
1275 3572 1399 3628 ἀλλ’
1431 3573 1514 3629 ὅτι
1565 3574 1654 3629 καὶ
1707 3579 1814 3629 τῶν
1862 3576 2003 3649 αἱρε-

345 3672 512 3723 τικῶν
547 3667 631 3729 ὡς
656 3666 929 3740 τυράννων
982 3665 1072 3718 καὶ
1124 3662 1444 3719 λυττώντων
1494 3668 1666 3719 κυνῶν
1718 3662 2003 3735 ἀπηλλάτ-

346 3777 527 3814 τοντο.
563 3753 790 3832 Μεγάλη
823 3758 952 3831 γοῦν
986 3754 1052 3823 ἦν
1102 3752 1427 3832 εὐφροσύνη,
1460 3758 1566 3807 τῶν
1619 3751 1765 3809 λαῶν
1802 3752 1851 3809 ἐν
1884 3759 2003 3817 ταῖς

349 3847 592 3918 συνάξεσι
639 3842 1047 3919 παροξυνόντων
1098 3841 1384 3914 ἀλλήλους
1430 3842 1506 3905 εἷς
1554 3843 1781 3919 ἀρετήν.
1833 3842 2002 3898 Πόσαι

345 3940 456 3992 τῶν
509 3936 760 4012 ἀγάμων,
810 3932 1073 4010 πρότερον
1129 3930 1281 3987 οὖσαι
1329 3932 1465 4008 πρὸς
1511 3933 1687 4007 γάμον
1737 3928 1955 4007 ἕτοιμοι
1987 3980 2001 4006 ,

349 4023 568 4099 ἔμειναν
626 4025 881 4099 παρθένοι
929 4027 1009 4095 τῷ
1053 4023 1306 4097 Χριστῷῐ
1341 4020 1501 4077 πόσοι
1560 4022 1814 4096 νεώτεροι
1875 4020 2002 4098 βλέ-

352 4135 547 4177 ποντες
602 4113 838 4189 ἐτέρους,
887 4113 980 4168 τὸν
1034 4114 1251 4189 μονήρη
1312 4111 1430 4187 βίον
1480 4112 1769 4186 ἠγάπησαν
1806 4112 2005 4168 Ῐπόσοι

350 4204 581 4278 πατέρες
654 4203 987 4278 προέτρεπον
1072 4201 1233 4258 τέκνα
1269 4202 1280 4257 !
1315 4200 1474 4255 πόσοι
1554 4198 1612 4258 δὲ
1686 4202 1776 4256 καὶ
1862 4202 2009 4279 παρὰ

349 4294 552 4351 τέκνων
606 4292 937 4365 ἠξιώθησαν,
992 4292 1068 4365 μὴ
1124 4289 1510 4364 ἐμποδίζεσθαι
1558 4298 1659 4361 τῆς
1710 4290 1760 4346 ἐν
1794 4296 2008 4367 Χριστῷ

351 4384 631 4454 ἀσκήσεως
669 4382 680 4438 l
714 4380 875 4437 πόσαι
925 4384 1175 4456 γυναῖκες
1228 4376 1439 4435 ἔπεισαν
1490 4377 1707 4456 ἄνδρας,
1753 4380 1917 4435 πόσαι
1951 4379 2007 4436 δὲ

346 4473 495 4547 παρὰ
525 4468 732 4549 ἀνδρῶν
767 4469 1086 4541 ἐπείσθησαν
1136 4466 1426 4545 σχολάζειν
1483 4472 1553 4543 τῇ
1595 4474 1902 4545 προσευχῇ,
1930 4472 2006 4533 ὡς

347 4561 494 4618 εἶπεν
529 4563 558 4617 ὁ
592 4558 934 4624 Ἀπόστολος
970 4560 981 4615 !
1014 4558 1177 4613 πόσαι
1208 4565 1402 4635 χῆραι,
1433 4558 1595 4613 πόσοι
1628 4556 1685 4613 δὲ
1715 4559 1804 4613 καὶ
1840 4559 2006 4638 ὀρφα-

341 4651 452 4721 νοὶ,
481 4651 545 4707 τὸ
573 4649 838 4726 πρότερον
885 4652 1177 4710 πεινῶντες
1230 4647 1320 4702 καὶ
1370 4647 1571 4722 γυμνοὶ
1615 4649 2002 4725 τυγχάνοντες,

2103 2062 2273 2118 Pater
2302 2061 2702 2118 dilectissime.

2173 2152 2263 2205 25.
2297 2151 2397 2207 His
2425 2151 2507 2207 ita
2528 2151 2728 2224 gestis,
2763 2154 3076 2225 postquam
3107 2153 3234 2208 vale
3284 2152 3528 2210 dixisset
3582 2153 3757 2210 Atha-

2107 2240 2335 2308 nasius,
2390 2258 2638 2313 seseque
2669 2240 2772 2297 viae
2807 2241 3221 2311 commisisset,
3273 2242 3447 2299 amici
3494 2243 3751 2298 amicum

2104 2330 2401 2396 videntes,
2426 2329 2540 2385 laeti
2574 2347 2679 2386 :ex
2710 2329 2838 2386 aliis
2868 2347 2999 2387 vero
3024 2330 3263 2403 quidam
3314 2333 3383 2387 ad
3435 2332 3565 2403 ejus
3623 2348 3755 2388 con-

2108 2424 2374 2492 spectum
2406 2420 2628 2491 pudore
2658 2419 2851 2475 affecti
2884 2427 3019 2475 sunt
3050 2438 3062 2487 ;
3112 2420 3381 2476 nonnulli
3437 2437 3635 2476 coram
3693 2438 3756 2477 se

2109 2510 2315 2567 sistere
2346 2526 2461 2564 non
2494 2509 2642 2576 ausi,
2705 2524 2833 2566 sese
2882 2509 3212 2565 abdebant:
3265 2509 3363 2566 alli
3418 2510 3761 2582 paenitentia

2110 2598 2516 2670 ducti,scripta
2544 2598 2821 2653 adversus
2853 2598 3196 2670 episcopum
3226 2598 3755 2671 suarepudiabant.

2112 2690 2326 2746 Omnes
2360 2688 2555 2760 itaque
2583 2686 2900 2743 Palaestinae
2928 2687 3206 2760 episcopi,
3241 2687 3473 2745 duobus
3520 2686 3608 2745 vel
3655 2688 3759 2744 tri-

2112 2778 2225 2834 bus
2282 2777 2555 2849 exceptis,
2624 2775 2816 2848 iisque
2872 2777 3164 2849 suspectis
3220 2777 3384 2849 viris,
3436 2777 3520 2833 ita
3585 2778 3762 2835 Atha-

2113 2866 2348 2923 nasium
2382 2881 2710 2937 suscepere,
2738 2865 2820 2921 ita
2849 2866 2977 2937 ejus
3009 2865 3485 2923 communionem
3509 2864 3762 2940 amplexi

2115 2960 2276 3023 sunt,
2310 2958 2374 3010 ut
2403 2955 2578 3009 etiam
2612 2954 2824 3010 litteris
2883 2971 3011 3011 sese
3056 2959 3421 3023 excusarent,
3482 2959 3764 3012 testaren-

2115 3050 2327 3117 turque
2358 3061 2420 3100 se
2451 3060 2519 3099 ea
2547 3061 2675 3115 qua:
2708 3048 2839 3100 ante
2861 3045 3237 3117 scripserant,
3274 3061 3388 3100 non
3423 3048 3585 3100 motu
3627 3062 3762 3117 pro-

2115 3134 2261 3206 prio,
2285 3134 2386 3188 sed
2414 3134 2468 3187 vi
2502 3133 2738 3189 adactos
2768 3132 3094 3205 scripsisse.
3126 3134 3271 3189 Nam
3322 3134 3478 3205 quod
3537 3138 3764 3206 spectat

2114 3223 2416 3297 Egyptiet
2441 3222 2752 3296 Libyarum
2794 3223 3119 3296 episcopos,
3154 3240 3381 3279 necnon
3424 3240 3625 3280 earum
3674 3241 3762 3281 re-

2116 3313 2361 3385 gionum
2409 3311 2883 3383 Alexandriaeque
2942 3312 3213 3385 populos,
3281 3329 3552 3369 enarrare
3618 3314 3763 3369 forte

2111 3418 2608 3474 supervacaneum
2640 3402 2848 3457 fuerit:
2873 3402 3254 3458 accurrebant
3286 3403 3503 3475 quippe
3534 3418 3760 3471 omnes,

2113 3494 2395 3562 erantque
2424 3489 2702 3545 ineffabili
2734 3490 2947 3561 gaudio
3000 3490 3267 3562 perfusi:
3354 3508 3471 3547 non
3531 3495 3762 3548 tantum

2113 3580 2269 3652 quod
2302 3596 2440 3635 suos
2469 3584 2674 3651 praeter
2712 3595 2877 3651 spem
2910 3578 3234 3636 incolumes
3257 3580 3599 3653 reciperent,
3659 3581 3761 3637 sed

2114 3670 2289 3726 etiam
2320 3669 2477 3740 quod
2508 3669 2580 3723 ab
2603 3668 2890 3725 haereticis
2922 3669 3091 3740 quasi
3123 3686 3156 3724 a
3185 3670 3519 3743 tyranniset
3544 3669 3765 3726 rabidis

2116 3758 2363 3815 canibus
2395 3758 2781 3830 eriperentur.
2807 3758 3017 3829 Ingens
3051 3758 3248 3830 itaque
3272 3759 3384 3813 fuit
3414 3757 3612 3815 laetitia
3662 3776 3764 3831 po-

2114 3847 2387 3921 pulorum
2414 3863 2540 3902 sese
2562 3846 2811 3902 invicem
2862 3846 2922 3901 in
2975 3847 3296 3919 synaxibus
3355 3847 3427 3903 ad
3484 3847 3761 3904 virtutem

2116 3935 2568 3994 cohortantium.
2604 3937 2755 4002 Quot
2781 3935 3061 4008 innuptae,
3096 3937 3169 3991 ad
3200 3937 3545 3994 nubendum
3566 3941 3766 3994 tamen

2116 4030 2351 4099 paratae,
2413 4024 2669 4097 virgines
2729 4024 2959 4081 Christo
3008 4025 3210 4082 dicatae
3272 4026 3762 4098 permanserunt!

2117 4105 2259 4188 quot
2288 4113 2688 4170 adolescentes
2711 4114 2963 4171 aliorum
2994 4115 3257 4188 exemplo
3290 4116 3767 4187 concitati,vitam

2118 4204 2509 4261 monasticam
2540 4203 2793 4276 amplexi
2826 4204 2996 4261 sunt!
3034 4214 3175 4277 quot
3203 4209 3401 4278 patres
3432 4204 3585 4261 ﬁlios
3630 4221 3769 4263 suos

2117 4294 2506 4351 hortabantur
2538 4293 2550 4346 l
2586 4298 2728 4365 quot
2756 4297 2952 4365 patres
2991 4311 3025 4349 a
3056 4295 3195 4351 ﬁliis
3225 4296 3410 4368 rogati
3442 4299 3674 4365 sunt,ut
3698 4310 3769 4349 ne

2117 4401 2287 4441 suam
2342 4384 2402 4437 in
2450 4382 2680 4439 Christo
2740 4383 3213 4441 exercitationem
3281 4383 3763 4456 interpellarent!

2118 4476 2262 4546 quot
2310 4488 2516 4529 uxores
2566 4471 2705 4527 viris
2760 4471 2905 4539 suis,
2956 4476 3098 4541 quot
3146 4472 3255 4528 viri
3305 4473 3585 4529 uxoribus
3644 4472 3768 4529 suis

2116 4564 2628 4635 persuaserunt,ut
2657 4560 2905 4617 orationi
2927 4562 3767 4634 imcumberent,quemadmo-

2116 4652 2259 4707 dum
2291 4650 2368 4707 ait
2401 4649 2716 4723 Apostolus
2737 4651 2780 4687 93
2816 4649 2826 4704 !
2864 4654 3007 4723 quot
3040 4651 3251 4717 vidule,
3302 4656 3446 4724 quot
3496 4652 3769 4725 orphani,

344 4740 406 4797 ἐκ
440 4738 663 4811 πολλῆς
716 4746 818 4811 τῆς
876 4743 984 4794 τῶν
1046 4736 1193 4792 λαῶν
1253 4737 1583 4812 προθυμίας,
1636 4736 1759 4792 οὕτε
1809 4737 1997 4792 λοιπὸν

2116 4741 2218 4814 qui
2250 4739 2414 4813 prius
2471 4739 2827 4811 esuriebant,
2880 4740 3141 4813 nudique
3184 4746 3373 4809 erant,
3428 4756 3498 4797 ex
3541 4741 3769 4798 ardenti

347 4828 573 4887 ἐπείνων
609 4874 624 4901 ,
671 4826 818 4884 ἀλλὰ
872 4828 962 4884 καὶ
1021 4823 1363 4900 ἐνδεδυμένοι
1440 4828 1795 4903 προήρχοντο
1840 4828 1851 4882 !
1906 4827 2005 4881 Καὶ

347 4917 499 4982 ὅλως
541 4917 781 4989 τοσαύτη
813 4918 879 4987 ἦν
930 4914 1146 4991 ἅμιλλα
1200 4916 1326 4993 περὶ
1383 4916 1602 4992 ἀρετὴν,
1652 4916 1727 4978 ὡς
1775 4914 2003 4988 ἐκάστην

351 5008 553 5081 οἰκίαν,
585 5008 677 5063 καὶ
707 5007 855 5063 οἶκον
886 5004 1108 5062 ἕκαστον
1166 5008 1243 5080 (9)
1291 5004 1535 5080 νομίζειν
1587 5004 1879 5075 ἐκκλησίαν
1932 5007 2003 5061 εἶ-

348 5119 459 5172 ναι,
494 5095 583 5153 διὰ
608 5098 708 5167 τὴν
741 5100 850 5152 τῶν
903 5094 1254 5153 ἐνοικούντων
1310 5092 1638 5173 φιλοκαλίαν
1692 5115 1751 5150 τε
1787 5096 1877 5150 καὶ
1905 5097 2003 5165 τὴν

426 5224 470 5267 κ
502 5224 673 5281 ICor.
704 5240 808 5295 vn,
836 5223 894 5279 5.

424 5349 505 5421 (5)
537 5347 671 5421 Haec
700 5347 881 5421 verba
899 5362 1087 5421 usque
1116 5346 1187 5402 ad
1211 5346 1347 5419 ἡμῖν
1379 5362 1634 5421 sequens
1664 5364 1781 5421 non
1823 5350 2011 5421 expci-

356 5418 615 5491 muntur
635 5420 697 5475 in
724 5418 879 5491 Apol.
921 5418 1015 5491 ad“,
1038 5418 1265 5491 091151.,
1301 5418 1588 5491 num’23.
1644 5420 1790 5491 Ibid.
1846 5418 2006 5491 editi,

353 5487 944 5572 I_na_l_e,06")l0ic._Reg.,
998 5487 1243 5572 θρύλοιςζ
1288 5490 1454 5572 lbi‘d.
1493 5491 1680 5572 .Reg.,
1743 5489 1791 5544 εἷ’
1843 5487 2007 5555 τινεςζ

351 5559 782 5636 Editito'lcwec,
807 5559 952 5636 quae
966 5559 1221 5635 genuina
1248 5562 1478 5618 videtur
1493 5559 1682 5636 lectio.

448 5636 503 5707 ϐι
536 5634 601 5690 In
631 5635 787 5707 Apol.
821 5634 893 5707 a4
921 5634 1339 5707 (laudantium,
1356 5650 1519 5688 num.
1552 5635 1643 5707 23,
1677 5638 1811 5707 post
1840 5634 2007 5707 illud,

350 5700 645 5779 ἐπίσκοπον
672 5700 830 5779 sum,
862 5706 1095 5778 legitur,
1127 5704 1218 5779 καὶ
1426 5700 2011 5779 xsiplut-indicetur

350 5778 665 5853 sequentia
694 5776 819 5835 alia
836 5776 1017 5853 manu
1038 5778 1263 5853 scripta
1279 5776 1485 5853 fuisse,
1510 5776 1618 5833 nec
1636 5777 2010 5853 imperatoris

351 5847 612 5910 nomine.
635 5853 765 5907 Mox
792 5853 927 5922 post
955 5849 1125 5922 illud,
1160 5847 1630 5928 προσφιλέστατε,
1682 5847 1824 5907 editi
1888 5850 2010 5909 haec

2115 4828 2469 4902 populorum
2502 4829 2573 4884 ad
2596 4828 2870 4884 virtutem
2894 4828 3114 4895 studio,
3148 4846 3263 4885 non
3289 4830 3443 4885 ultra
3490 4830 3767 4898 esuriere,

2116 4918 2235 4975 imo
2262 4918 2439 4974 etiam
2462 4917 2652 4973 induti
2678 4918 2941 4990 prodiere
2976 4918 2989 4974 ι
3023 4923 3207 4975 Tanta
3237 4920 3477 4976 demum
3535 4921 3608 4975 de
3655 4920 3769 4975 vir-

2116 5012 2240 5064 tute
2263 5008 2555 5063 contentio
2588 5006 2717 5075 fuit,
2751 5011 2815 5062 ut
2873 5007 3138 5081 singulas
3184 5008 3460 5078 familias,
3506 5008 3770 5082 singulas

2119 5099 2349 5166 domos,
2382 5098 2455 5153 ob
2485 5097 2838 5169 probitatem
2869 5097 3676 5171 inhabitantium,precesque
3698 5099 3770 5156 ad

2118 5349 2356 5422 habent,
2387 5346 2476 5422 καὶ
2507 5349 2674 5401 ταῦτα
2708 5346 2801 5419 μὲν
2836 5348 2863 5403 ὁ
2896 5350 3289 5421 Κωνστάντιος,
3320 5366 3449 5422 quae
3509 5366 3644 5407 cum
3709 5350 3769 5407 in

2119 5421 2259 5494 Reg.
2294 5420 2504 5494 desint.
2549 5425 2873 5476 acontextu
2896 5420 3307 5494 expunximus.

2294 5437 2504 5475 desint.
2549 5437 2873 5476 acontexnu
2896 5438 3307 5494 expunx1mus.

2191 5494 2206 5563 (
2245 5494 2267 5566 ν)
2300 5492 2464 5563 Reg,
2510 5493 2664 5566 γοῦν.
2697 5495 2830 5557 Qua
2888 5510 3021 5550 mox
3070 5500 3401 5566 sequuntur
3445 5493 3660 5550 videsis
3708 5493 3770 5549 in

2120 5565 2273 5639 Apol.
2307 5570 2497 5619 contra
2523 5564 2780 5639 ᾼνίᾳηοε.
2816 5580 2977 5639 num.
3008 5567 3099 5631 57,
3134 5564 3233 5621 ubi
3265 5566 3471 5639 synodi
3502 5566 3770 5623 Hieroso-

2118 5634 2415 5709 limitanw
2447 5634 2701 5709 cpistola
2721 5634 2953 5709 legitur.

2192 5707 2271 5782 (8)_
2301 5706 2547 5782 Aeacius
2578 5706 2801 5782 scilicet
2834 5708 3224 5782 _Cmsariensis
3284 5713 3341 5764 et
3371 5707 3769 5782 Patropbilus

2120 5777 2649 5853 Scyithgpolitanus
2663 5778 3010 5853 excipiendi.
3049 5781 3183 5839 Vide
3205 5797 3333 5853 pag.
3358 5780 3479 5837 138.

2214 5851 2269 5923 9)
2300 5850 2517 5924 Regius
2550 5850 2747 5921 codex,
2784 5850 3027 5907 ἑκάστου.
