4132 6422
279 13 282 20 z
289 9 416 22 .‘a—rtt-
425 13 442 18 -
447 13 510 22 ἐι-ι
515 13 762 25 Ακοῲ“-.-.
773 14 854 24 _~_._.

376 521 494 586 723

917 520 983 590 S.
1028 525 1454 591 ATIIANASII
1499 523 1672 589 OPP.
1717 521 1920 587 PARS
1965 522 2127 586 1.-
2157 520 2576 589 HISTORIGA
2619 522 2722 590 ET
2765 523 3243 594 DOGMATICA.

3672 530 3792 595 ’126

376 661 560 717 Deum
594 659 777 733 fusas,
800 664 887 718 tot
915 661 1192 720 ecclesias
1240 661 1656 720 existimasses.
1717 665 1835 715 Pax
1883 675 2018 732 pro-

2140 657 2267 732 πρὸς
2296 659 2387 714 τὸν
2421 660 2548 715 Θεὸν
2585 659 2776 738 εὐχήν.
2825 662 3034 739 Εἰρήνη
3086 683 3146 717 τε
3194 662 3262 734 ἦν
3317 659 3369 718 ἐν
3399 665 3519 727 ταῖς
3553 661 3792 735 Ἐκκλη-

377 748 560 805 funda
589 750 1052 825 admirandaque
1071 757 1196 810 erat
1216 754 1276 808 in
1297 752 1734 818 Ecclesiis,cum
1766 749 2025 823 episcopi

379 839 646 911 undique
700 842 1026 900 Athanasio
1083 845 1429 911 scriberent,
1492 843 1647 899 284
1678 843 1750 897 ab
1838 857 2022 912 eoque

377 932 585 985 mutuo
620 932 944 1004 acciperent
976 937 1286 989 consuetas
1317 932 1476 1005 pacis
1508 932 1752 988 litteras.

443 1019 532 1072 26.
567 1019 752 1091 (ANNO
782 1021 886 1076 349
913 1040 1016 1077 ver.
1037 1025 1193 1094 350.)
1226 1023 1572 1089 Quinetiam
1633 1019 1907 1076 Ursacius
1969 1023 2024 1075 et

373 1107 588 1164 Valens
619 1110 786 1181 quasi
819 1128 852 1165 a
881 1112 1238 1168 conscientia
1295 1111 1570 1186 perculsi,
1618 1109 2018 1184 paenitentiam

375 1202 637 1269 egerunt,
664 1216 728 1254 ac
749 1200 934 1257 eidem
970 1201 1082 1273 ipsi
1109 1203 1379 1274 episcopo
1410 1201 1660 1257 amicam
1693 1199 2021 1272 paciﬁcant-

373 1301 485 1356 que
517 1287 823 1358 epistolam
857 1291 1164 1362 scripsere,
1193 1293 1427 1348 tametsi
1460 1291 1653 1346 nullas
1685 1290 1756 1345 ab
1789 1287 2018 1343 eolitte-

371 1390 464 1429 ras
495 1387 856 1448 acceperant.
911 1383 1276 1452 Romamque
1311 1380 1555 1452 profecti
1615 1378 2017 1451 paenitentiam

367 1471 630 1537 egerunt,
663 1455 1028 1538 conﬁtentes,
1062 1486 1424 1542 quaecunque
1456 1471 1735 1524 adversus
1767 1483 1901 1522 eum
1939 1466 2016 1521 fe-

365 1551 584 1609 cissent
612 1556 985 1626 dixissentve,
1011 1559 1158 1614 falsa
1179 1575 1246 1614 ac
1275 1574 1496 1614 meram
1529 1574 1658 1615 esse
1692 1555 2018 1629 sycophan-

366 1641 529 1697 tiam.
563 1644 761 1717 Neque
793 1652 882 1702 sat
909 1647 1028 1703 illis
1059 1648 1170 1703 fuit
1214 1648 1294 1704 ita
1311 1649 1500 1721 egisse
1532 1665 1545 1703 :
1607 1664 1744 1702 nam
1804 1645 2020 1699 Ariana

367 1730 575 1788 haeresi
614 1735 990 1792 anathemate
1048 1737 1344 1806 damnata,
1409 1735 1806 1810 pmnitentiam
1847 1750 2016 1790 suam

369 1821 584 1892 scripto
615 1824 925 1892 tradidere,
959 1842 1061 1898 per
1119 1826 1292 1882 hasce
1349 1826 1596 1898 litteras,
1656 1842 1803 1898 quas
1863 1822 2015 1879 Julio

367 1910 640 1984 episcopo
698 1914 894 1972 Latine
942 1915 1190 1988 scriptas
1242 1915 1474 1986 misere,
1530 1931 1777 1988 quaeque
1825 1914 2016 1969 Graece

2133 747 2275 810 σίαις
2328 750 2513 824 βαθεῖα
2560 751 2649 804 καὶ
2701 752 3005 825 θαυμαστὴ,
3057 752 3376 831 γραφόντων
3421 758 3530 809 τῶν
3586 775 3792 810 παντα-

2131 837 2290 914 χόθεν
2352 837 2656 895 ἐπισκόπων
2693 884 2706 911 ,
2747 842 2837 895 καὶ
2888 839 3202 918 δεχομένων
3270 844 3416 917 παρά
3470 845 3791 899 ’Δθανασίου

2128 928 2197 981 τά
2227 930 2430 998 συνήθη
2464 936 2565 998 τῆς
2596 928 2823 1004 εἰρήνης
2856 932 3176 1008 γράμματα.

2200 1021 2288 1074 26.
2324 1020 2420 1072 Καὶ
2477 1019 2580 1095 γὰρ
2633 1021 2723 1074 καὶ
2783 1019 3080 1095 Ούρσάκιος
3137 1023 3226 1076 καὶ
3281 1021 3543 1096 Ούάλης,
3609 1023 3791 1098 ὥσπερ

2133 1105 2233 1160 ὑπὸ
2289 1112 2386 1162 τοῦ
2435 1105 2740 1171 συνειδότος
2805 1110 3213 1184 μαστιζόμενοι,
3276 1113 3638 1187 μετέγνωσανο
3699 1112 3792 1168 καὶ

2129 1197 2396 1274 γράφουσι
2431 1199 2523 1271 μὲν
2557 1198 2703 1271 αὐτῷ
2733 1203 2812 1271 τῷ
2862 1199 3143 1273 ἐπισκόπῳ
3192 1199 3419 1278 φιλικην
3459 1203 3550 1256 καὶ
3587 1202 3792 1279 εἰρηνι-

2128 1287 2228 1354 κὴν
2282 1284 2599 1357 ἐπιστολὴν,
2649 1287 2828 1342 καίτοι
2881 1290 2955 1362 μὴ
3011 1284 3273 1352 λαϐόντες
3320 1291 3446 1364 παρ’
3478 1290 3643 1346 αὐτοῦ
3675 1295 3790 1368 (10)

2128 1375 2445 1450 γράμματα.
2498 1377 2844 1440 Ἀνελθόντες
2889 1375 2947 1432 δέ
2976 1379 3066 1432 καὶ
3125 1378 3202 1441 εἷς
3248 1380 3347 1448 τήν
3392 1379 3612 1453 Ῥώμην
3664 1402 3792 1454 μετ·

2129 1462 2337 1533 ενόουν,
2370 1463 2772 1541 ὁμολογοῦντες
2815 1465 2895 1521 ὅτι
2947 1469 3140 1534 πάντα,
3175 1467 3274 1523 ὅσα
3323 1471 3657 1539 πεποιήκασι
3695 1471 3789 1524 καὶ

2130 1551 2375 1626 εἰρήκασι
2436 1557 2553 1610 κατ’
2610 1555 2797 1626 αὐτοῦ,
2854 1560 3022 1611 ταῦτα
3054 1556 3189 1611 εἶναι
3245 1558 3419 1612 πάντα
3467 1555 3662 1631 ψευδῆ,
3694 1559 3788 1614 καὶ

2132 1641 2294 1714 μόνον
2327 1644 2704 1722 συκοφαντίαν.
2758 1645 2876 1722 Οὐχ
2925 1644 3117 1708 ἁπλῶς
3169 1643 3227 1701 δὲ
3273 1651 3434 1702 τοῦτο
3484 1645 3598 1702 οὐδ’
3632 1648 3789 1703 αὐτοὶ

2127 1735 2485 1803 πεποιήκασιν
2524 1777 2538 1803 ,
2603 1732 2748 1788 ἀλλᾶ
2807 1735 2910 1809 γὰρ
2977 1735 3068 1788 καὶ
3129 1736 3243 1807 (11)
3300 1735 3787 1809 ἀναθεματίσαντες

2124 1821 2224 1889 τήν
2268 1824 2550 1899 Ἀρειανήν
2600 1820 2825 1898 αἿρεσιν,
2879 1818 3150 1900 ἔγγραφον
3197 1825 3296 1893 τὴν
3351 1825 3634 1897 μετάνοιαν
3694 1825 3789 1881 αύ-

2123 1915 2230 1965 τῶν
2263 1908 2550 1982 δεδώκασι,
2583 1914 2884 1989 γράψαντες
2919 1909 3140 1985 Ἰουλίῳ
3169 1916 3248 1986 τῷ
3295 1911 3598 1987 ἐπισκόπῳ,
3650 1917 3787 1971 Ῥω-

366 1999 662 2056 translatae
685 2009 846 2059 sunt.
880 2006 1140 2069 Quarum
1174 2005 1471 2078 exemplar
1509 2005 1708 2060 Latine
1764 2004 1932 2060 nobis
1981 2019 2016 2058 a

2140 2000 2314 2055 ιαϊστὶ
2369 2002 2487 2074 μὲν,
2541 1997 2948 2075 μεταϐληθέντα
2999 2000 3056 2056 δὲ
3106 1999 3446 2077 Ἑλληνιστὶ,
3493 2009 3682 2061 ταῦτα.
3713 2006 3787 2061 Τὸ

2171 2090 2550 2107 tu“...
2836 2093 2849 2107 ς
3011 2089 3273 2107 ,κ.υ
3486 2093 3702 2107 ...η

368 2087 545 2145 Paulo
575 2093 898 2150 Trevirensi
929 2093 1203 2166 episcopo
1233 2095 1656 2151 transmissum
1687 2099 1795 2151 est.

794 2273 1201 2345 Interpretatio
1251 2290 1320 2330 ex
1352 2273 1579 2330 Latino.

431 2357 661 2415 Domino
701 2377 819 2417 meo
877 2363 1404 2491 beatissi'rlgclienpsapee
1427 2365 1574 2420 Julia
1608 2364 1862 2420 Ursacius
1890 2371 1943 2418 et

1123 2452 1276 2491 aiens
1283 2477 1296 2489 .

430 2537 712 2602 Quoniam
747 2543 974 2597 constat
994 2559 1101 2600 nos
1130 2543 1375 2600 antehac
1407 2543 1593 2599 multa
1639 2543 1857 2616 gravia,
1900 2546 2010 2598 etc.

359 2623 661 2697 (Descripta
715 2633 793 2685 est
847 2647 1020 2704 supra
1077 2634 1138 2687 in
1195 2633 1436 2689 tractatu
1489 2635 1582 2701 68,
1639 2641 1822 2705 estque
1886 2633 2013 2688 huic

360 2722 475 2772 tota
493 2720 541 2772 et
571 2718 645 2774 ad
669 2721 894 2776 verbum
921 2723 1169 2794 similis.)
1203 2724 1328 2780 Vide
1350 2740 1478 2795 pag.
1513 2722 1637 2777 139.

810 2812 1214 2884 lnterpretatio
1245 2829 1313 2869 ex
1335 2813 1562 2869 Latino.

361 2914 594 2971 Domino
621 2931 739 2973 meo
758 2919 927 2988 fratri
966 2919 1274 2992 Athanasio
1320 2921 1592 2992 episcopo,
1648 2921 1903 2977 Uisaczus
1960 2922 2011 2974 et

939 2991 1131 3046 Valens
1163 2993 1421 3064 episcopi.

434 3076 600 3132 Dedit
631 3094 693 3133 se
743 3079 970 3135 occasio
1018 3080 1213 3136 fratris
1271 3085 1329 3136 et
1365 3080 1842 3153 compresbyteri,
1897 3083 2005 3135 etc.

359 3164 663 3240 (Descripta
691 3173 772 3223 est
827 3186 996 3242 supra
1053 3172 1114 3225 in
1160 3170 1349 3226 eodem
1397 3173 1634 3226 tractatu
1677 3170 1767 3241 68,
1827 3177 2010 3241 estque

359 3259 473 3311 tota
499 3264 555 3312 et
578 3257 649 3312 ad
676 3258 901 3314 verbum
931 3260 1060 3315 huic
1089 3261 1336 3332 similis.)
1369 3261 1498 3315 Vide
1517 3277 1645 3332 pag.
1684 3262 1805 3328 139,

430 3345 531 3401 His
563 3347 718 3404 datis
748 3348 1298 3421 epistolis,paciﬁcis
1320 3348 1719 3405 eliamlitteris
1745 3349 2009 3406 oblatisa

359 3433 527 3491 Petro
559 3439 617 3491 et
638 3419 836 3493 Ireneo
867 3419 1170 3494 Athanasii
1203 3439 1577 3511 presbyteris,
1607 3444 1665 3495 et
1698 3438 2009 3495 Ammonio
2043 3419 2085 3487 (ἶ

363 3524 539 3595 lnico,
573 3526 996 3598 subscripsere,
1029 3544 1164 3583 cum
1199 3533 1395 3584 tamen
1457 3527 1648 3584 nullas
1704 3529 2010 3586 Athanasii

361 3611 588 3670 litteras
620 3616 690 3670 ad
722 3614 854 3671 illos
883 3617 1133 3672 directas
1165 3618 1432 3672 afferrent
1480 3616 1612 3689 ipsi.

431 3702 521 3756 27.
557 3703 697 3768 Quis
727 3703 910 3778 igitur
938 3704 1032 3761 his
1062 3705 1505 3774 animadversis,
1563 3710 1844 3779 tantaque
1903 3708 2007 3762 Ec—

363 3790 674 3848 clesiarum
725 3810 866 3866 pace
919 3799 1249 3868 conspecta,
1302 3795 1629 3851 admiratus
1688 3813 1806 3852 non
1866 3795 2012 3852 est?

363 3881 503 3946 Quis
516 3882 754 3956 gavisus
775 3899 890 3939 non
910 3887 999 3939 est
1019 3899 1264 3952 cernens
1281 3883 1444 3939 illam
1476 3888 1561 3939 tot
1591 3889 2012 3957 tantorumque

363 3969 770 4042 episcoporum
816 3971 1238 4028 concordiam?
1267 3972 1407 4036 Quis
1463 3973 1708 4030 Domino
1766 3974 2011 4046 gloriam

365 4074 480 4112 non
512 4058 728 4130 retulit,
770 4065 1076 4132 perspecta
1119 4061 1178 4116 in
1236 4061 1554 4133 synaxibus
1595 4066 1762 4117 tanta
1811 4063 2014 4134 populi

364 4145 616 4203 laetitia?
646 4151 795 4214 Quot
841 4165 909 4204 ex
949 4149 1205 4205 inimicis
1262 4150 1664 4222 pmnitentiam
1721 4152 2011 4224 egerunt!

365 4241 508 4307 quot
537 4237 702 4309 prius
733 4237 1097 4310 calumniati,
1123 4256 1249 4295 sese
1275 4245 1632 4296 excusarnnt
1663 4243 1675 4297 ι
1724 4245 1868 4312 quot
1915 4241 2016 4312 qui

366 4341 502 4381 oum
547 4332 681 4383 ante
711 4328 979 4397 oderant,
999 4331 1202 4400 postea
1249 4328 1623 4385 dilexerunt!
1681 4335 1824 4402 quot
1880 4346 2017 4385 cum

366 4415 648 4472 adversus
677 4415 844 4472 illum
877 4417 1641 4490 scripsissent,palinodiam
1660 4419 2014 4475 cecinerunt!

366 4509 510 4575 quot
541 4506 642 4578 qui
672 4523 788 4563 non
822 4508 1056 4580 proprio
1088 4509 1381 4576 motu,sed
1431 4509 1486 4563 vi
1541 4525 1610 4564 ex
1665 4508 2018 4564 Arianorum

367 4595 638 4666 partibus
671 4597 925 4666 stabant,
947 4601 1122 4653 noctu
1138 4599 1478 4653 accedentes
1497 4614 1626 4654 sese
1643 4599 2018 4666 excusabant,

367 4683 696 4756 haeresitu
727 4687 1098 4742 anathemate
1129 4686 1426 4759 damnata,
1488 4692 1698 4760 rogant
1755 4688 1869 4743 sibi
1928 4705 2019 4743 ve-

2123 2090 2226 2166 γάρ
2273 2092 2382 2164 (12)
2434 2092 2762 2169 ἀντίγραφον
2825 2089 3103 2162 ἀπεστάλη
3165 2093 3300 2166 ἡμῖν
3363 2095 3511 2170 παρὰ
3564 2093 3786 2150 Παύλου

2124 2177 2419 2236 ἐπισκόπου
2449 2187 2521 2258 Τρ
2533 2176 2726 2255 ιϐέρων
2757 2180 3080 2255 Ῥωμαϊστί.

2549 2272 2641 2347 Ἑρ
2652 2271 2852 2344 μηνεία
2882 2271 2986 2326 ἀπὸ
3016 2271 3352 2344 Ῥωμαϊκοῦ.

2121 2358 2304 2436 Κυρίῳ
2367 2381 2465 2432 μον
2531 2361 2932 2490 μακαριωτάτὸ
2985 2361 3147 2432 Πάπᾳ
3201 2357 3419 2434 Ἰουλίῳ
3476 2361 3779 2438 Ούρσάκιος

2762 2433 2853 2487 καὶ
2928 2429 3126 2490 ὐάλης.

2762 2433 2853 2487 καὶ
2879 2429 3069 2502 Οὐάλη
3083 2453 3126 2493 ς.

2193 2535 2412 2607 Ἐπειδὴ
2507 2538 2791 2609 υνέστηκεν
2847 2541 2996 2611 ἡμᾶς
3053 2537 3159 2614 πρὸ
3226 2536 3424 2593 τούτου
3480 2538 3669 2595 πολλὰ
3721 2561 3782 2596 τε

2119 2627 2208 2681 καὶ
2266 2625 2430 2684 δεινά.
2479 2629 2748 2706 (Ἑγράφη
2809 2627 2985 2682 ὀπίσω
3030 2627 3106 2689 εἰς
3162 2627 3242 2698 ξη¹
3285 2625 3454 2704 λόγον
3506 2632 3642 2705 (13),
3687 2630 3780 2685 καὶ

2120 2714 2230 2772 ἔστι
2259 2720 2395 2773 κατὰ
2424 2718 2597 2772 πάντα
2629 2718 2798 2791 ὁμοία
2825 2717 2915 2772 καὶ
2953 2715 3114 2790 ἷ¹ση.).

2549 2808 2640 2882 Ἑρ
2651 2806 2848 2881 μηνεία
2882 2807 2986 2861 ἀπὸ
3017 2810 3340 2880 Ῥωμαϊκοῦ.

2119 2913 2303 2987 Κυρίῳ
2382 2935 2486 2986 μου
2535 2911 2808 2992 ’ἀδελφῷ-
2860 2911 3186 2992 ξᾼθανασίῳ,
3243 2911 3522 2986 ἐπισκόπῳ
3556 2960 3570 2985 ,
3632 2914 3776 2990 Ούρ-

2484 2986 2692 3054 σάκιος,
2715 2983 2814 3040 ’καὶ
2847 2983 3068 3055 Οὐάλης
3099 2983 3400 3043 ἐπίσκοποι.

2189 3074 2440 3152 Ἀφορμῆ
2474 3077 2610 3148 ἡμῖν
2646 3072 2802 3145 ἐδόθη
2842 3071 2933 3129 διὰ
2961 3079 3058 3129 τοῦ
3107 3071 3344 3153 ἀδελφοῦ
3390 3076 3480 3129 καὶ
3528 3097 3770 3152 συμπρε-

2116 3157 2399 3239 σϐυτέρου.
2461 3165 2730 3243 (Ἐγράφη
2789 3163 2966 3219 ὀπίσω
3028 3164 3104 3226 εἷς
3161 3164 3251 3218 τὸν
3311 3163 3468 3219 αὐτὸν
3527 3164 3605 3236 ξη¹
3656 3167 3771 3240 (14)

2117 3249 2306 3326 λόγον,
2341 3253 2430 3307 καὶ
2463 3248 2602 3307 ἔστιν
2638 3243 2809 3326 ὁμοία
2839 3254 2930 3307 καὶ
2962 3251 3050 3323 ἴση
3087 3252 3138 3323 ἐξ
3169 3249 3536 3328 ὁλοκλήρου.)

2185 3346 2359 3396 Ταῦτα
2391 3344 2729 3418 γράψαντες,
2782 3342 3095 3417 ὑπέγραψαν
3145 3342 3236 3396 καὶ
3286 3347 3404 3404 τοῖς
3455 3341 3778 3418 εἰρηνικοῖς,

2119 3418 2549 3508 παρερχομένων
2616 3427 2994 3507 πρεσϐυτέρων
3053 3432 3397 3502 Ἀθανασίου,
3456 3433 3664 3508 Πέτρου
3718 3453 3782 3487 τε

2117 3521 2208 3576 καὶ
2248 3520 2567 3596 Εἰρηναίου,
2613 3522 2703 3575 καὶ
2760 3520 3080 3595 Ἀμμωνίου
3129 3517 3324 3576 λαϊκου
3361 3539 3374 3553 ⁸
3404 3521 3582 3576 καίτοι
3638 3519 3781 3596 μηδὲ

2121 3607 2190 3665 δι’
2221 3610 2396 3666 αὐτῶν
2429 3612 2737 3687 γράψαντος
2766 3610 2973 3673 αὐτοῖς.

2189 3703 2279 3756 27.
2312 3700 2404 3763 Τίς
2455 3701 2635 3754 τοίνυν
2694 3700 2793 3756 οὐκ
2843 3699 3112 3774 ἐθαύμαζε
3163 3696 3381 3776 βλέπων
3440 3704 3628 3774 ταῦτα,
3687 3700 3780 3755 καὶ

2119 3791 2218 3860 τήν
2249 3789 2518 3860 τοσαύτην
2547 3794 2654 3845 τῶν
2691 3790 3029 3859 Ἐκκλησιῶν
3064 3789 3287 3866 εἰρήνην
3323 3807 3336 3858 ;
3369 3788 3462 3851 Τίς
3496 3789 3596 3844 οὒκ
3626 3785 3780 3865 ἔχαι-

2123 3899 2233 3953 ρεν,
2293 3880 2433 3955 ὁρῶν
2484 3882 2593 3933 τῶν
2639 3877 2912 3933 τοσούτων
2977 3877 3283 3933 ἐπισκόπων
3316 3879 3416 3948 τὴν
3466 3878 3780 3952 ὁμόνοιαν;

2120 3969 2212 4032 Τίς
2246 3968 2345 4024 οὐκ
2395 3965 2609 4039 ἐδόξασε
2653 3968 2745 4023 τὸν
2793 3967 3013 4043 Κύριον,
3057 3969 3276 4044 θεωρῶν
3326 3972 3435 4023 τῶν
3481 3966 3626 4023 λαῶν
3677 3969 3781 4038 τήν

2125 4057 2176 4113 ἐν
2231 4063 2353 4121 ταῖς
2419 4057 2689 4128 συνάξεσιν
2750 4055 3083 4136 εὐφροσύνην
3121 4077 3134 4127 ;
3169 4055 3335 4112 Πόσοι
3399 4060 3508 4112 τῶν
3568 4055 3782 4134 ἐχθρῶν

2129 4147 2412 4222 μετενόουν
2445 4149 2456 4203 l
2488 4147 2649 4202 πόσοι
2677 4152 2783 4201 τῶν
2815 4146 3081 4224 πρότερον
3117 4141 3529 4202 διαϐαλλόντων
3577 4145 3786 4202 ἀπελο-

2125 4242 2322 4312 γοῦντο
2370 4236 2591 4291 ἶπόσοι·
2644 4236 2907 4314 πρότερον
2973 4240 3255 4310 μισοῦντες
3314 4236 3498 4307 αὐτὸν,
3560 4235 3783 4311 ὕστερον

2128 4327 2419 4401 ἠγάπησαν
2452 4328 2463 4382 ί
2495 4325 2655 4381 πόσοι
2685 4331 2792 4382 τῶν
2840 4327 3164 4402 γραψάντων
3210 4333 3324 4382 κατ’
3374 4325 3560 4395 αὐτοῦ,
3598 4323 3802 4381 παλιν-

2130 4413 2295 4489 ῳδίαν
2345 4415 2480 4491 ἦσαν
2519 4417 2530 4472 l
2563 4413 2770 4471 πολλοὶ
2819 4416 2910 4471 καὶ
2966 4420 3072 4471 τῶν
3135 4417 3209 4489 μὴ
3269 4416 3605 4491 προαιρέσει,
3659 4413 3798 4471 ἀλλ’

2128 4505 2336 4580 ἀνάγκη
2370 4507 2504 4578 μετὰ
2531 4509 2636 4560 τῶν
2687 4509 2982 4582 Ἀρειανῶν
3040 4500 3213 4576 ὄντες,
3267 4502 3562 4581 ἐρχόμενοι
3598 4505 3800 4568 νυκτὸς

2130 4592 2502 4671 ἀπελογοῦντο
2558 4614 2571 4626 °
2617 4596 2707 4649 καὶ
2763 4597 2865 4665 τὴν
2934 4595 3029 4668 μὲν
3092 4593 3292 4668 αἳρεσιν
3352 4595 3740 4668 ἀνεθεμάτιζον
3779 4640 3796 4665 ,

2130 4685 2316 4756 ἠξίουν
2353 4682 2411 4740 δὲ
2437 4685 2770 4760 συγγνώμην
2803 4680 2972 4762 ἔχειν,
3007 4682 3091 4738 ὅτι
3123 4682 3212 4739 διὰ
3229 4685 3326 4748 τὰς
3363 4685 3621 4746 consuite
3655 4686 3797 4759 (15),

368 4773 526 4830 niam
556 4775 706 4846 dari,
741 4776 895 4848 quod
927 4791 1138 4848 nempe
1168 4776 1240 4831 ob
1272 4777 1737 4848 conspirationes
1797 4777 2018 4834 calum-

2140 4775 2217 4830 ιαὶ
2245 4775 2341 4838 τὰς
2388 4770 2671 4844 διαϐολὰς,
2719 4775 2815 4836 τὰς
2867 4775 2993 4848 παρ’
3046 4774 3224 4829 αὐτῶν
3276 4774 3626 4850 γιγνομένας,
3672 4779 3798 4836 τοῖς

368 4862 618 4936 niasque
647 4864 864 4922 abillis
913 4869 1194 4934 structas,
1237 4882 1476 4939 corpore
1530 4871 1781 4923 tantum
1819 4884 2023 4924 eorum

367 4954 752 5010 conventibus
801 4956 1168 5022 interessent,
1219 4972 1353 5011 cum
1412 4960 1610 5013 tamen
1660 4957 1833 5013 corde
1893 4974 2026 5013 cum

364 5042 684 5098 Athanasio
713 5044 1108 5112 convenirent,
1134 5061 1484 5118 semperque
1515 5063 1649 5102 cum
1681 5045 1781 5102 illo
1807 5047 2024 5104 essent!

376 5133 464 5188 Ita
491 5148 615 5189 rem
648 5149 710 5189 se
739 5133 957 5190 habere
985 5133 1222 5190 credite.

437 5223 528 5278 28.
561 5223 756 5279 Athis
796 5223 1020 5279 auditis
1076 5223 1356 5295 visisque,
1414 5223 1672 5282 haeredes
1726 5227 2029 5283 sententiae

581 5383 676 5459 Sic
708 5386 848 5459 Reg.
883 5384 1038 5459 Editi
1059 5401 1215 5459 vero,
1247 5385 1314 5459 τά
1343 5390 1467 5459 παρ’
1497 5383 1680 5442 αὐτοῦ.

582 5458 672 5545 ita
703 5455 844 5545 Reg.
869 5457 1150 5545 ,In’editis
1177 5455 1269 5510 καί
1293 5455 1478 5514 deest.

439 5529 550 5606 (1?)
582 5533 731 5606 Hinc,
764 5528 825 5584 τὸ
858 5528 1404 5606 ἀντίγραφον,ι]δ(]υο
1427 5602 1436 5606 _
1463 5530 1532 5584 ad
1586 5529 1893 5606 Ῥωμαϊστί
1944 5531 2029 5587 in-

367 5596 609 5674 clusive,
644 5602 932 5656 desuntin
960 5596 1269 5674 Nanniana
1289 5596 1652 5674 versioneJn
1677 5596 2029 5674 Α’ροιβοηινα

367 5669 632 5747 Aricinos.
657 5688 799 5727 num
827 5673 1206 5747 58Α,Λ16ςίιιιι·,
1256 5673 1401 5747 παρὰ
1476 5669 1750 5727 Παυλίνοῖ)
1807 5673 2031 5730 ἐπισκό-

367 5759 473 5833 Ξου
505 5735 775 5833 Τιβὲρων,
811 5735 1392 5833 ubi'Nan’ni‘us'vcrt'it
1421 5762 1454 5801 a
1488 5747 1726 5833 Paulino
1754 5750 2030 5833 .episcopo

375 5813 824 5889 Tyburis.Ci_rc_a
854 5819 1008 5886 quod
1041 5818 1168 5873 vide
1228 5833 1355 5888 quae
1414 5835 1596 5889 supra
1653 5813 1910 5876 diximus
1960 5813 2028 5876 in

377 5881 634 5952 Apologia
654 5883 725 5938 ad
756 5881 1153 5959 Constantium,
1203 5881 1368 5944 num.
1416 5881 1612 5946 9.’Ea
1658 5892 1730 5948 de
1777 5909 1841 5949 re
1886 5892 2026 5950 item

2142 4866 2235 4938 μὲν
2269 4865 2514 4938 σώμασιν
2549 4861 2661 4918 ἐκεῖ
2685 4863 2983 4941 φαίνονται,
3015 4868 3084 4938 τῇ
3119 4861 3177 4918 δὲ
3221 4860 3419 4938 καρδίᾳ
3468 4863 3604 4937 μετὰ
3632 4862 3801 4917 Ἀθα-

2135 4953 2323 5009 νασίου
2374 4954 2718 5029 συνάγονται,
2763 4953 2852 5009 καὶ
2902 4952 2984 5008 ἀεὶ
3039 4955 3154 5028 μετ’
3201 4951 3366 5008 αὐτοῦ
3408 4953 3798 5029 τυγχάνουσι·

2136 5043 2222 5099 ναὶ
2251 5041 2588 5098 πιστέύσατε.

2205 5225 2296 5280 28.
2330 5219 2511 5278 Ἀλλά
2541 5225 2711 5278 ταῦτα
2741 5220 3030 5286 ἀκούοντες
3077 5221 3169 5276 καὶ
3220 5217 3516 5296 βλέποντες
3564 5221 3618 5275 oi
3655 5217 3807 5290 κλη-

2138 5386 2332 5470 agitur
2355 5385 2429 5467 in.
2444 5384 2750 5468 Athanasii
2775 5385 2929 5442 Vita.
2961 5385 3285 5466 Sequentes
3305 5382 3532 5440 Ursacii
3579 5386 3639 5440 et
3683 5382 3809 5467 Ya-

2138 5459 2311 5511 lentls
2341 5457 2618 5511 epistolas
2638 5462 2898 5511 integras
2928 5457 3110 5511 habes
3130 5474 3190 5511 1n
3212 5455 3569 5511 Aooi.contra
3586 5460 3806 5511 Arum.

2137 5456 2311 5515 le'ntis
2341 5457 2618 5530 epistolas
2638 5458 2898 5531 integras
2928 5456 3110 5513 habes
3130 5456 3190 5512 in
3212 5456 3569 5529 Apoi.contra
3586 5457 3806 5512 Λνίαη.

2139 5531 2321 5611 αξξ,
2354 5546 2491 5611 cum
2518 5529 2723 5611 Hilarii
2761 5534 3031 5611 contextu
3061 5528 3289 5611 Latino.
3414 5598 3427 5611 ‘
3685 5598 3698 5611 ο

2209 5603 2323 5674 (13)
2354 5601 2491 5676 Reg.
2526 5601 2603 5662 εὶς
2628 5600 2719 5655 τὸν
2751 5607 2793 5654 ν’
2841 5598 3030 5676 λόγον.
3091 5600 3237 5658 Vide
3294 5598 3469 5673 paulo
3500 5598 3810 5672 superius,

2139 5690 2302 5731 num.
2333 5674 2423 5728 23.

2209 5746 2322 5816 (14)
2354 5745 2517 5818 Reg.)
2542 5742 2623 5818 εἷς
2645 5743 2735 5798 τὸν
2766 5750 2861 5801 να’.

2208 5811 2333 5944 (153
2364 5811 2469 5874 Sic
2488 5817 2706 5943 Regius
2726 5819 2906 5876 codex
2927 5821 2985 5874 et
3040 5815 3217 5874 Basil.
3266 5813 3420 5871 Editi
3477 5828 3636 5884 vero,
3697 5811 3820 5870 ὃτι-

2214 5909 2283 5944 ιτ
2327 5909 2351 5944 C
2377 5907 2568 5944 συσκευ
2612 5909 2658 5944 ς.

2138 5890 2228 5944 καὶ
2254 5890 2351 5952 τὰς
2377 5890 2658 5951 συσκευάς.
