4132 6366
248 534 366 600 ’128
1190 533 1559 601 HISTORIA
1605 534 2079 601 ARIANORUM
2122 534 2226 599 AD
2269 533 2715 604 MONACHOS.
3535 541 3659 604 726

253 669 480 748 ρονόμοι
512 676 614 742 τῆς
644 670 876 748 γνώμης
904 673 994 728 καὶ
1023 679 1125 743 τῆς
1157 667 1399 734 ἀσεϐείας
1428 675 1534 726 τῶν
1567 671 1689 747 περὶ
1735 671 1898 726 Εὐσέ-

2044 673 2447 746 mpietatisque
2489 673 2746 742 Eusebii,
2781 673 3059 730 Leontius
3108 676 3422 745 castratus,
3456 674 3558 747 qui
3587 692 3662 732 ne

253 755 394 831 ϐιον,
429 760 675 825 Λεόντιος
699 763 727 817 ὁ
753 762 1050 833 ἀπόκοπος,
1073 764 1130 818 ὃν
1157 760 1281 818 οὐδὲ
1312 765 1387 825 ὡς
1418 762 1604 817 λαϊκὸν
1629 766 1906 818 κοινωνεῖν

2044 763 2147 818 aici
2170 763 2405 834 quidem
2430 765 2664 820 nomine
2678 765 2746 820 ad
2768 765 3242 821 communionem
3262 764 3666 822 admittendus

256 849 452 928 ἐχρῆν,
485 848 622 906 διότι
655 852 838 907 ἑαυτὸν
885 853 1150 926 ἀπέκοψεν
1203 853 1333 927 ὑπὲρ
1382 857 1478 906 τοῦ
1514 857 1624 925 μετ’
1665 849 1904 921 ἐξουσίας

257 937 452 995 λοιπὸν
483 942 773 1014 κοιμᾶσθαι
811 944 944 1015 μετὰ
975 940 1272 998 Εύστολίου
1312 942 1478 1011 τινὸς,
1526 940 1776 1015 γυναικὸς
1812 940 1905 1013 μὲν

258 1026 329 1084 δι’
378 1029 559 1099 αὐτὸν,
614 1027 921 1105 λεγομένης
972 1029 1029 1086 δὲ
1075 1032 1336 1106 παρθένου
1372 1049 1383 1060 ·
1415 1030 1688 1105 Γεώργιός
1733 1051 1791 1084 τε
1819 1030 1908 1084 καὶ

256 1119 532 1189 ’Δκάκιος,
574 1119 664 1172 καὶ
715 1117 1156 1194 Θεόδωρος,·καὶ
1206 1121 1531 1194 Νάρκισσος,
1587 1115 1778 1179 οἵτινες
1820 1117 1910 1172 καὶ

261 1205 313 1262 ἐν
345 1210 416 1280 τῇ
452 1205 662 1280 συνόδῳ
691 1210 1080 1282 καθῃρέθησαν,
1136 1207 1392 1284 μεγάλως
1423 1207 1746 1284 ᾐσχύνοντο.
1783 1207 1913 1262 Εἶτα

265 1295 561 1371 βλέποντες
611 1298 709 1366 τῆν
760 1299 872 1370 (16)
904 1299 1040 1372 πρὸς
1089 1300 1399 1354 Ἀθανάσιον
1449 1303 1552 1351 τῶν
1606 1297 1912 1353 ἐπισκόπων

263 1384 581 1464 συμφωνίαν
613 1406 671 1440 τε
699 1386 789 1441 καὶ
822 1386 1064 1464 εἰρήνην,
1098 1386 1322 1450 πλείους
1375 1385 1432 1442 δὲ
1462 1388 1596 1456 ἦσαν
1629 1388 1695 1456 υ’,
1725 1385 1828 1440 ἀπό
1858 1406 1918 1440 τε

261 1481 366 1544 τῆς
422 1473 671 1550 μεγάλης
717 1475 939 1550 Ῥώμης
990 1477 1079 1531 καὶ
1127 1485 1228 1546 τῆς
1278 1475 1512 1539 Ἰταλίας
1560 1478 1760 1545 πάσης,
1813 1481 1917 1529 Κα-

264 1559 499 1638 λαϐρίας
537 1585 597 1620 τε
647 1564 737 1619 καὶ
789 1563 1087 1628 Ἀπουλίας
1136 1567 1225 1620 καὶ
1270 1566 1611 1640 Καμπανίας,
1668 1565 1918 1640 Βρεττίας

262 1674 323 1708 τε
379 1654 469 1708 καὶ
537 1651 814 1728 Σικελίας,
877 1652 1164 1731 Σαρδινίας
1220 1677 1279 1710 τε
1334 1655 1424 1710 καὶ
1501 1661 1773 1723 Κορσικῆς
1831 1652 1920 1708 καὶ

265 1743 447 1815 πάσης
475 1749 576 1813 τῆς
610 1745 875 1820 Ἀφρικῆς
912 1763 924 1775 ·
957 1744 1085 1807 τούς
1114 1766 1172 1800 τε
1204 1746 1308 1800 ἀπὸ
1341 1742 1614 1813 Γαλλιῶν,
1646 1743 1736 1798 καὶ
1767 1751 1923 1816 Βρετ-

263 1832 476 1903 τανίας,
506 1833 596 1887 καὶ
630 1838 904 1905 Σπανιῶν,
961 1836 1094 1908 μετὰ
1139 1839 1237 1889 τοῦ
1293 1833 1536 1910 μεγάλου
1584 1833 1673 1889 καὶ
1715 1830 1921 1906 ὁμολο-

267 1926 442 1998 γητοῦ
489 1922 672 1980 Ὁσίου
707 1918 937 1978 ’ἔπειτα
981 1924 1110 1987 τοὺς
1161 1925 1265 1978 ἀπὸ
1306 1929 1414 1980 τῶν
1461 1922 1793 1992 Παννονίων,
1832 1922 1922 1977 καὶ

2015 856 2158 920 erat,
2191 853 2346 924 quod
2398 870 2522 908 sese
2571 854 2697 926 ipse
2748 858 3082 920 castrasset,
3118 858 3185 910 ut
3230 854 3341 910 sibi
3392 855 3667 928 deinceps

2019 942 2185 1014 copia
2214 944 2362 998 foret
2410 944 2737 999 dormiendi
2769 961 2901 1000 cum
2933 945 3190 1016 quadam
3222 944 3508 1012 Eustolio,
3543 961 3668 1016 qua

2020 1049 2154 1089 cum
2189 1032 2400 1088 mulier
2429 1034 2556 1104 ejus
2586 1050 2761 1105 opera
2790 1037 2962 1101 esset,
2996 1034 3160 1106 virgo
3190 1037 3388 1089 tamen
3421 1034 3668 1089 vocaba-

2020 1127 2121 1178 tur
2153 1138 2166 1177 :
2202 1123 2483 1194 Georgius
2515 1123 2674 1189 item,
2705 1124 2967 1192 Acacius,
2993 1123 3335 1179 Theodorus
3365 1127 3422 1179 et
3441 1124 3672 1178 Narcis-

2025 1229 2150 1278 sus,
2184 1213 2282 1284 qui
2335 1213 2583 1285 depositi
2614 1213 2673 1268 in
2725 1213 2943 1285 synodo
2994 1214 3242 1276 fuerant,
3274 1212 3500 1286 ingenti
3536 1217 3675 1268 sunt

2025 1303 2248 1374 pudore
2297 1302 2526 1357 suffusi.
2560 1301 2780 1358 Deinde
2810 1319 2944 1357 cum
2983 1301 3510 1358 animadverterent
3541 1319 3674 1357 cum

2027 1391 2345 1449 Athanasio
2385 1390 2755 1446 concordiam
2797 1395 2855 1446 et
2883 1407 3083 1463 pacem
3117 1407 3344 1446 servare
3374 1391 3678 1463 episcopos

2028 1479 2344 1552 plusquam
2395 1481 2877 1552 quadringentos,
2911 1497 2979 1534 ex
3027 1480 3178 1536 285
3226 1496 3442 1552 magna
3470 1480 3676 1549 Roma,

2030 1587 2100 1626 ex
2143 1571 2419 1626 universa
2465 1570 2651 1641 Italia,
2717 1568 3005 1637 Calabria,
3057 1569 3285 1642 Apulia,
3339 1570 3676 1642 Campania,

2031 1661 2275 1727 Bruttia,
2324 1659 2542 1727 Sicilia,
2575 1659 2863 1724 Sardinia,
2897 1659 3150 1726 Corsica,
3185 1675 3254 1714 ex
3301 1662 3423 1714 tota
3465 1658 3678 1728 Africa,

2031 1765 2099 1805 ex
2130 1749 2353 1816 Galliis,
2385 1766 2454 1805 ex
2485 1749 2806 1818 Britannia,
2841 1765 2910 1804 ex
2950 1747 3272 1820 Hispaniis,
3305 1764 3438 1803 cum
3470 1763 3682 1820 magno

2033 1843 2090 1895 et
2117 1840 2448 1895 confessore
2470 1838 2675 1895 Hosio:
2697 1839 3003 1910 episcopos
3028 1837 3205 1893 etiam
3219 1838 3680 1905 Pannoniarum,

2031 1928 2248 1995 Norici,
2279 1928 2496 1996 Siscia,
2522 1927 2843 1995 Dalmatia,
2869 1927 3192 1996 Dardania,
3222 1927 3432 1995 Dacia,
3463 1927 3682 1999 Mysia,

269 2016 522 2088 Νωρικοῦ
555 2059 569 2086 ,
618 2013 708 2067 καὶ
770 2013 992 2076 Σισκίας
1025 2059 1042 2087 ,
1093 2011 1405 2088 Δαλματίας
1457 2035 1515 2068 τε
1568 2013 1657 2068 καὶ
1715 2010 1921 2089 Δαρδα-

2044 2017 2406 2084 Macedonia,
2459 2016 2794 2083 Thessalia,
2845 2017 3143 2089 totiusque
3187 2015 3438 2086 Achaia,
3483 2017 3685 2086 Creta,

269 2102 388 2164 νίας
435 2103 573 2175 (17),
622 2101 820 2165 Δακίας
867 2123 926 2158 τε
973 2104 1063 2158 καὶ
1113 2103 1341 2175 Μυσίας,
1391 2101 1748 2173 Μακεδονίας,
1799 2109 1927 2158 Θεσ-

269 2190 486 2260 σαλίας,
534 2191 625 2246 καὶ
674 2193 853 2262 πάσης
902 2200 1004 2262 τῆς
1059 2195 1171 2267 (18)
1220 2191 1471 2268 Ἀχαίας,
1520 2193 1609 2248 καὶ
1670 2194 1927 2268 Κρήτης,

272 2279 492 2357 Κύπρου
541 2301 601 2335 τε
650 2281 741 2336 καὶ
791 2281 1015 2355 Λυκίας,
1076 2283 1167 2336 καὶ
1222 2280 1515 2345 πλείστους
1569 2289 1670 2352 τῆς
1720 2279 1926 2337 Παλαι-

273 2369 461 2440 στίνης
499 2389 559 2423 τε
611 2371 703 2425 καὶ
761 2371 1052 2446 Ἰσαυρίας,
1116 2371 1436 2447 Αἰγύπτου,
1495 2372 1585 2427 καὶ
1632 2368 1926 2442 Θηϐαίδος,

272 2459 363 2514 καὶ
421 2459 600 2530 πάσης
651 2454 881 2532 Λιϐύης,
932 2459 1024 2515 καὶ
1079 2459 1470 2523 Πενταπόλεως
1517 2483 1528 2496 ·
1572 2465 1741 2516 ταῦτα
1801 2458 1928 2536 βλέ-

273 2569 467 2611 ποντες
528 2547 773 2618 ἐκεῖνοι,
836 2549 1017 2627 φθόνῳ
1075 2551 1164 2604 καὶ
1237 2545 1392 2626 φόϐῳ
1458 2551 1853 2626 συνεσχέθησαν
1914 2571 1926 2585 ·

275 2636 457 2716 φθόνῳ
501 2637 597 2709 μὶν
649 2635 738 2692 διὰ
784 2639 884 2707 τήν
934 2639 1207 2694 τοσούτων
1253 2639 1540 2695 κοινωνίαν
1591 2643 1724 2714 (19),
1776 2635 1931 2718 φόϐῳ

277 2723 336 2782 δὲ
395 2728 470 2800 μὴ
535 2727 587 2780 οἱ
629 2728 756 2797 παρ’
817 2727 990 2783 αὐτῶν
1052 2731 1412 2798 ἀπατηθέντες
1469 2731 1805 2804 προσ-τεθῶσι
1863 2737 1928 2799 τῆ

272 2820 380 2871 τῶν
411 2815 687 2872 τοσούτων
733 2818 1040 2896 ὁμοψυχίᾳ,
1092 2820 1182 2874 καὶ
1223 2818 1416 2875 λοιπὸν
1449 2823 1484 2890 ἡ
1521 2818 1723 2896 αἵρεσις
1757 2819 1930 2875 αύτῶν

273 2903 864 2980 παραδειγματισθεῖσα
893 2904 1229 2983 θριαμϐευθῇ
1278 2909 1368 2964 καὶ
1416 2907 1743 2982 στηλιτευθῇ
1795 2931 1930 2964 παν-

273 2999 470 3071 ταχοῦ·

346 3087 435 3141 29.
472 3080 704 3162 Πρῶτον
736 3087 829 3160 μὲν
861 3087 989 3149 τοὺς
1019 3087 1143 3163 περὶ
1175 3087 1472 3164 Ούρσάκιον
1505 3089 1594 3142 καὶ
1634 3085 1929 3157 Οὐάλεντα,

278 3172 356 3236 ὡς
382 3171 512 3236 τοὺς
555 3173 720 3238 κύνας
774 3175 1151 3250 μεταπείθουσι
1202 3173 1665 3250 μεταϐάλλεσθαι,
1715 3177 1804 3230 καὶ
1853 3177 1930 3239 εἷς

273 3263 366 3318 τὸν
399 3259 552 3334 ἴδιον,
574 3262 764 3338 ἐμετον
800 3264 1137 3342 ἐπιπρέψαι,
1167 3267 1257 3320 καὶ
1290 3266 1366 3329 ὡς
1411 3265 1541 3328 τοὺς
1589 3265 1818 3341 χοίρους
1853 3265 1928 3329 είς

274 3353 367 3408 τὸν
399 3351 662 3429 πρότερον
701 3350 966 3431 βόρϐορον
997 3363 1099 3425 τῆς
1121 3351 1365 3418 ἀσεϐείας
1387 3353 1551 3410 πάλιν
1584 3353 1927 3425 κυλισθῆναι,

275 3417 543 3521 πρόφασίν
571 3417 634 3498 τε
659 3417 1083 3518 τῆςιμετανοίας
1130 3443 1456 3518 πλάσασθαι,
1503 3445 1578 3508 ὡς
1630 3443 1719 3500 διὰ
1761 3417 1927 3522 φόϐον
1960 3417 2003 3484 C

275 3537 373 3588 τοῦ
413 3527 826 3589 θεοσεϐεστάτου
875 3535 1224 3596 Κώνπαντος
1269 3535 1369 3590 εἷεν
1417 3539 1578 3590 τοῦτο
1627 3535 1933 3604 πεποιηκό-

275 3639 387 3683 τες⁶
422 3621 622 3695 καίτοι,
657 3622 821 3677 εἶκαὶ
869 3619 1038 3699 φόϐος
1079 3625 1170 3694 ἦν,
1221 3623 1347 3679 ἀλλ’
1397 3624 1496 3680 ούκ
1538 3623 1731 3702 ἐχρῆν,
1783 3622 1932 3701 εἷ’περ

279 3709 538 3787 ἐθάρρουν
591 3712 673 3774 οἷς
731 3707 983 3788 ἔπραξαν,
1039 3711 1308 3788 προδότας
1366 3713 1573 3768 τούτων
1634 3714 1930 3789 γίγνεσθαι.

277 3803 405 3854 ’Ότε
453 3797 510 3855 δὲ
555 3797 681 3856 οὐδὲ
728 3796 918 3880 φόϐος,
972 3800 1098 3856 ἀλλ’
1142 3800 1451 3877 ἐψεύδοντο,
1484 3807 1602 3865 πῶς
1653 3803 1751 3857 ούκ
1794 3803 1932 3873 ἄξιοι

279 3889 460 3958 πάσης
513 3890 908 3964 καταγνώσεώς
969 3891 1098 3945 εἰσιν
1161 3909 1175 3959 ;
1232 3889 1366 3947 Ούτε
1423 3894 1528 3968 γάρ
1601 3894 1932 3966 στρατιώτου

279 3977 573 4052 παρόντος,
606 3978 667 4034 οὐ
708 3977 1043 4050 παλατινῶν,
1093 3980 1128 4049 ἢ
1179 3980 1443 4057 νοταρίων
1496 3981 1930 4056 ἀποσταλέντων,

283 4067 453 4122 ὁποῖα
480 4071 570 4122 νῦν
604 4066 755 4123 αὐτοὶ
785 4074 1057 4142 ποιοῦσιν,
1091 4068 1217 4125 ἀλλ’
1244 4068 1369 4126 οὐδὲ
1420 4070 1687 4146 βασιλέως
1733 4071 1934 4148 παρόν-

283 4177 401 4227 τος,
433 4153 559 4212 οὐδὶ
589 4155 738 4212 ὅλωτ
768 4155 1062 4228 κληθέντες
1112 4161 1258 4236 παρά
1307 4181 1456 4223 τινος
1489 4155 1724 4237 ἔγραψαν
1761 4181 1772 4194 °
1811 4159 1937 4216 ἀλλ’

279 4245 436 4302 αὐτοὶ
476 4244 725 4310 θέλοντες
775 4245 1012 4317 ἀνῆλθον
1065 4249 1141 4312 είς
1191 4251 1290 4319 τῆν
1341 4255 1581 4323 Ῥώμην,
1631 4251 1720 4306 καὶ
1767 4250 1818 4306 ἐν
1868 4255 1936 4325 τῇ

282 4333 568 4408 ἐκκλησίᾳ,
603 4334 726 4391 ἔνθα
781 4333 950 4413 φόϐος
1003 4339 1095 4411 μὲν
1145 4335 1333 4409 ἔξωθεν
1378 4338 1476 4394 οὐκ
1521 4341 1612 4409 ἦν,
1668 4341 1833 4414 μόνος
1882 4339 1940 4397 δὲ

280 4425 310 4480 ὁ
340 4429 438 4481 τοῦ
488 4430 623 4481 Θεοῦ
673 4422 843 4504 φόϐος
891 4426 1022 4499 ἐστὶ,
1073 4427 1163 4482 καὶ
1214 4425 1494 4503 ἐλευθέραν
1547 4426 1772 4492 ἕκαστος
1821 4429 1938 4507 ἔχει

277 4515 378 4584 τὴν
409 4515 748 4590 προαίρεσιν,
798 4513 865 4570 δι’
896 4517 1096 4572 ἑαυτῶν
1157 4508 1484 4590 μετενόησαν
1534 4518 1623 4572 καὶ
1675 4515 1934 4594 ἔγραψαν.

279 4605 380 4660 Καὶ
441 4603 594 4678 ὅμως
655 4605 927 4682 ’Δρειανοὶ
1005 4603 1251 4682 δεύτερον
1330 4606 1616 4682 γενόμενοι
1677 4608 1934 4679 τοιαύτην

274 4691 442 4749 πάλιν
513 4694 728 4770 ἀπρεπῆ
805 4694 1072 4773 πρόφασιν
1149 4693 1532 4766 ἐπινοήσαντες
1565 4743 1579 4768 ,
1640 4695 1738 4752 οὐκ
1813 4697 1934 4774 ἐρυ-

277 4785 340 4856 θρ
351 4787 500 4838 ιῶσιν
512 4826 524 4840 .

348 4875 439 4929 30.
503 4873 735 4929 Ἔπειτα
804 4877 962 4947 κοινῇ
1021 4871 1416 4948 προσελθόντες
1446 4873 1786 4952 παρεκάλουν
1844 4876 1934 4931 τὸν

281 4959 516 5038 βασιλέα
572 4963 993 5037 Κωνστάντιον,
1051 4960 1308 5038 λέγοντες
1372 4982 1385 4995 ·
1447 4965 1545 5018 Καὶ
1601 4966 1662 5019 τὸ
1719 4970 1935 5041 πρῶτον

279 5050 575 5122 ἀξιοῦντες,
635 5050 735 5107 οὐκ
789 5051 1179 5127 ἐπιστεύθημεν
1225 5071 1237 5086 ·
1291 5051 1551 5129 ἐλέγομεν
1609 5056 1724 5129 (20)
1782 5057 1884 5130 γὰρ
1920 5099 1934 5124 ,

277 5137 372 5195 ὅτε
414 5141 768 5215 μετεπέμπου
811 5143 904 5197 τὸν
953 5143 1290 5211 Ἀθανάσιον,
1340 5141 1444 5216 ὅτι,
1493 5148 1684 5199 τοῦτον
1730 5166 1934 5221 προκα-

278 5227 572 5304 λούμενος,
604 5232 701 5300 τήν
734 5232 1003 5306 ἡμετέραν
1037 5229 1240 5308 α’ίρεσιν
1273 5227 1582 5296 ἐκϐάλλεις.
1629 5233 1798 5298 Οὗτος
1829 5237 1933 5312 γὰρ

280 5316 335 5390 ἐξ
365 5319 546 5397 ἀρχῆς
576 5322 694 5376 κατ’
725 5319 895 5390 αὐτῆς
949 5321 1164 5397 γέγονε,
1211 5322 1301 5377 καὶ
1351 5321 1412 5378 οὐ
1459 5321 1684 5379 παύεται
1731 5323 1931 5395 ταύτην

352 5447 398 5483 ⁸⁸
428 5447 479 5504 II
509 5451 664 5505 Petr.
699 5465 761 5513 II,
793 5449 885 5504 22.

351 5590 463 5732 (ιφ
494 5590 581 5672 Ita
612 5589 753 5716 Reg.
786 5594 843 5647 et
871 5589 1073 5674 Basil.,
1101 5590 1202 5660 τήν
1235 5590 1399 5674 deest
1428 5591 1489 5648 in
1521 5592 1714 5650 editis.
1867 5667 1878 5680 .

384 5663 407 5716 1
453 5662 471 5732 )
500 5666 593 5717 Sic
635 5662 675 5716 E
722 5666 786 5718 1t.
820 5661 1156 5732 PariSIens.,
1190 5666 1249 5718 et
1296 5667 1377 5718 ita
1407 5662 1744 5732 legendum.
1779 5670 1878 5724 Edi

384 5661 471 5734 17)
500 5662 593 5717 Sic
635 5661 786 5718 Edit.
820 5661 1156 5736 Parisie_ns.,
1190 5666 1264 5736 et
1296 5663 1377 5718 ita
1407 5662 1744 5736 legendum.
1779 5667 1929 5727 Edit.

276 5729 501 5789 Comm.
526 5738 584 5789 et
613 5749 782 5811 mss._,
807 5729 1324 5811 Σαρδανίας,’ωξι1θ,
1355 5729 1496 5811 naui
1523 5737 1928 5811 Sardiniajam
1965 5740 1970 5746 ’

275 5821 460 5877 supra
488 5809 814 5862 memorata
841 5805 948 5862 eat.
981 5805 1274 5862 Dardania
1301 5822 1436 5862 vero
1466 5807 1606 5864 item
1637 5805 1927 5870 memora-

273 5879 375 5934 ιω·
404 5877 466 5934 in
494 5877 760 5951 Apologia
787 5881 980 5936 contra
1005 5878 1262 5949 Arianos,
1294 5893 1460 5936 num.
1496 5880 1521 5935 1
1555 5884 1614 5938 et
1640 5882 1728 5938 36.

1964 4795 2012 4858 D

2035 2105 2205 2180 Cypri
2237 2110 2293 2161 ct
2325 2106 2526 2177 Lycia,
2562 2105 2850 2178 plurimos
2881 2105 3021 2160 item
3054 2103 3381 2172 Palestina,
3424 2104 3686 2174 Isauria,

2034 2197 2284 2268 Egypti,
2327 2195 2670 2259 Thebaidis,
2702 2194 2882 2250 totius
2937 2194 3142 2267 Libya,
3177 2199 3234 2249 et
3282 2193 3682 2267 Pentapoleos.

2040 2286 2188 2351 Hac,
2237 2285 2503 2358 inquam,
2536 2301 2672 2339 cum
2715 2284 2979 2339 viderent
3007 2282 3113 2351 illi,
3146 2283 3366 2339 invidia
3415 2299 3482 2338 ac
3524 2287 3685 2340 metu

2037 2375 2286 2448 correpti
2337 2378 2521 2430 sunt:
2554 2373 2794 2437 invidia,
2827 2374 2980 2444 quod
3029 2377 3150 2428 tam
3201 2371 3371 2428 multi
3418 2372 3687 2446 tantique

2037 2463 2294 2536 episcopi
2325 2480 2460 2519 cum
2490 2462 2590 2517 illo
2622 2462 3164 2529 communicarent;
3198 2466 3381 2529 metu,
3415 2479 3488 2518 ne
3519 2461 3617 2533 qui
3649 2478 3684 2517 a

2039 2570 2102 2610 se
2153 2553 2377 2625 decepti
2428 2553 2679 2620 fuerant,
2711 2556 2886 2608 tanta
2930 2556 3169 2624 tamque
3216 2551 3487 2608 concordi
3534 2551 3687 2606 mul-

2035 2642 2274 2699 titudini
2317 2658 2446 2698 sese
2495 2643 2886 2714 adiungerent
2919 2659 2930 2696 :
2963 2656 3105 2697 neve
3135 2642 3194 2696 in
3248 2645 3550 2712 posterum
3581 2657 3692 2697 sua

2039 2734 2280 2789 haeresis
2309 2732 2594 2788 infamata
2625 2730 2793 2803 quasi
2837 2730 2896 2785 in
2928 2729 3299 2803 triumphum
3331 2730 3553 2802 ubique
3581 2730 3691 2785 du-

2041 2826 2290 2879 ceretur.

2109 3092 2197 3145 29.
2234 3089 2426 3145 Primo
2456 3088 2694 3161 quidem
2727 3088 2963 3145 Ursacio
2993 3091 3051 3143 et
3079 3086 3306 3144 Valenti
3338 3088 3694 3160 persuadent

2042 3184 2107 3236 ut
2137 3185 2363 3236 mutata
2392 3179 2703 3244 sententia,
2737 3177 2903 3248 quasi
2935 3193 3106 3232 canes
3137 3176 3209 3231 ad
3254 3175 3556 3247 proprium
3588 3192 3690 3232 vo-

2042 3268 2253 3324 mitum
2285 3272 2650 3325 revertantur
2679 3268 2741 3335 9°,
2766 3271 2824 3322 et
2853 3270 3134 3338 tanquam
3161 3265 3318 3338 porci
3350 3265 3410 3320 in
3444 3264 3691 3338 pristino

2039 3357 2362 3429 impietatis
2383 3358 2502 3413 luto
2541 3355 2894 3423 volutentur,
2929 3372 2994 3411 ac
3021 3354 3558 3426 simulantes,hanc
3579 3372 3694 3425 pm-

2041 3447 2297 3502 nitentia
2316 3464 2433 3502 sua
2456 3462 2696 3502 causam
2723 3443 3263 3515 comminiscantur,
3286 3445 3442 3515 quod
3465 3442 3692 3500 scilicet

2041 3536 2292 3610 piissimi
2325 3535 2660 3593 Constantis
2684 3533 2994 3590 formidine
3022 3535 3094 3588 ad
3119 3533 3174 3588 id
3209 3534 3496 3607 agendam
3528 3549 3694 3589 com-

2043 3625 2197 3698 pulsi
2231 3629 2445 3681 essent.
2479 3622 2674 3695 Atqui,
2708 3622 2815 3677 etsi
2849 3621 3180 3677 formidinis
3211 3638 3389 3676 causa
3416 3625 3557 3688 erat,
3575 3637 3693 3676 non

2045 3716 2239 3772 decuit
2268 3719 2444 3782 certe,
2471 3713 2521 3769 si
2551 3717 2747 3768 tamen
2781 3712 2963 3782 gestis
2994 3711 3118 3767 suis
3148 3710 3693 3776 conﬁdissent,illo-

2048 3823 2176 3861 rum
2193 3804 2518 3877 proditores
2535 3819 2682 3858 esse.
2699 3801 3259 3872 Atquandoquidem
3283 3804 3477 3856 metus
3494 3798 3694 3854 nullus

2049 3895 2176 3960 fuit,
2199 3895 2684 3966 qui,quaso,non
2718 3891 2876 3946 omni
2908 3890 3289 3945 damnatione
3317 3889 3478 3961 digni
3512 3888 3695 3944 sunt?

2048 3983 2220 4042 Nullo
2235 3983 2452 4055 quippe
2475 3981 2657 4036 milite
2670 3985 2970 4053 prasente,
2988 3978 3166 4034 nullis
3192 3977 3392 4034 missis
3418 3977 3694 4050 palatinis

2045 4073 2135 4130 vel
2168 4073 2432 4141 notariis,
2467 4075 2532 4127 ut
2552 4072 2677 4144 jam
2709 4069 2794 4124 illi
2826 4073 3027 4141 agunt,
3059 4085 3177 4124 non
3208 4083 3405 4123 coram
3435 4067 3692 4140 impera-

2044 4168 2190 4232 tore,
2218 4181 2252 4218 a
2282 4161 2561 4233 nulloque
2591 4159 2759 4216 acciti
2781 4160 2900 4214 hac
2922 4158 3206 4231 scripsere
3233 4175 3247 4226 ;
3271 4159 3371 4215 sed
3394 4157 3547 4213 ultro
3579 4156 3694 4229 ipsi

2048 4254 2294 4309 Romam
2355 4249 2593 4324 profecti
2642 4250 2700 4304 in
2752 4247 3017 4314 ecclesia,
3060 4248 3158 4304 ubi
3210 4247 3373 4303 nulla
3420 4250 3694 4302 extranea

2047 4341 2317 4412 formido,
2351 4341 2452 4396 sed
2503 4338 2663 4395 solus
2712 4337 2812 4393 Dei
2861 4337 3040 4392 timor
3095 4342 3186 4393 est
3234 4353 3247 4392 :
3303 4335 3405 4392 ubi
3449 4335 3692 4391 liberam

2049 4433 2300 4506 quisque
2320 4431 2497 4486 habet
2520 4427 2902 4497 voluntatem,
2927 4443 3036 4483 sua
3058 4429 3266 4498 sponte
3293 4423 3693 4497 paenitentiam

2047 4523 2132 4578 illi
2156 4525 2421 4595 egerunt,
2445 4519 2777 4590 scriptoque
2803 4515 3474 4571 tradiderunt.Attamen
3497 4511 3694 4568 Ariani

2045 4612 2259 4668 iterum
2291 4609 2499 4677 effecti,
2533 4607 2854 4663 absurdum
2885 4603 3178 4676 ejusmodi
3209 4604 3514 4658 obtentum
3545 4618 3697 4658 com-

2047 4700 2279 4756 minisci
2312 4715 2428 4754 non
2460 4697 2834 4754 erubescunt.

2119 4879 2206 4932 30.
2242 4877 2462 4933 Deinde
2489 4875 2902 4947 imperatorem
2935 4891 3054 4929 una
3083 4888 3288 4929 omnes
3319 4870 3693 4937 conveniunt,

2045 4966 2258 5039 hisque
2287 4966 2477 5022 verbis
2508 4968 2717 5038 rogant
2748 4980 2760 5018 :
2799 4965 2942 5021 Cum
2975 4963 3232 5036 primum
3263 4966 3322 5018 te
3353 4961 3696 5034 deprecare-

2047 5073 2202 5128 mur,
2225 5056 2370 5111 ﬁdes
2388 5055 2558 5112 nobis
2589 5054 2790 5110 habita
2820 5071 2933 5110 non
2957 5053 3401 5110 est.Aiebamus
3426 5050 3690 5122 quidem,

2045 5146 2147 5202 ubi
2175 5145 2564 5202 Athanasium
2595 5143 2948 5210 accivisti,te
2979 5145 3240 5199 nostram
3273 5139 3556 5211 expellere
3576 5138 3695 5194 ha-

2043 5235 2221 5292 resim
2256 5251 2269 5290 :
2305 5233 2378 5290 ab
2412 5232 2580 5289 initio
2613 5232 2830 5305 quippe
2876 5231 2973 5287 ille
3002 5228 3370 5287 adversarius
3401 5228 3530 5300 ejus
3560 5227 3691 5296 fuit,

2044 5341 2219 5398 quam
2254 5339 2371 5378 non
2393 5326 2583 5378 cessat
2601 5322 2972 5378 anathemate
3002 5320 3412 5377 condemnare.
3428 5317 3695 5389 Namque

2135 5597 2222 5668 18)
2253 5596 2339 5652 Ita
2371 5594 2510 5668 ᾖσε.
2545 5597 2609 5649 In
2642 5592 2813 5668 editis
2841 5598 2941 5668 τῆς
2974 5593 3152 5668 d_eest_.

2137 5598 2201 5653 18
2253 5597 2339 5652 Ita
2371 5597 2510 5668 Reg.
2545 5597 2609 5649 In
2642 5597 2813 5649 editis
2841 5598 2941 5661 τῆς
2974 5597 3152 5647 deest.

2137 5597 2223 5739 19)
2257 5669 2343 5723 Ita
2372 5666 2585 5739 Reg._et
2616 5664 2972 5739 Basiliensis.
2998 5663 3146 5718 Editi
3170 5677 3325 5739 vero,
3351 5656 3440 5712 δία
3465 5659 3563 5727 τὴν
3596 5675 3688 5712 το-

2038 5734 2244 5794 σοότων
2267 5734 2614 5812 dumi/uitam
2643 5736 2889 5812 omissis
2915 5734 3302 5812 intermediis.

2107 5813 2220 5885 (20)
2253 5801 2338 5885 Ita
2366 5801 2506 5885 Heg:
2540 5801 2611 5864 et'
2641 5808 2817 5885 Basil.
2850 5807 2956 5864 Edi
3011 5813 3229 5874 autem,
3265 5801 3524 5878 λέγομεν.
3557 5801 3688 5858 Mox

2037 5880 2176 5958 Reg.
2205 5880 2267 5940 iet
2297 5880 2494 5953 Basil.,
2531 5880 2889 5956 μετέπεμπες.
