4132 6394
443 522 560 595 727

981 529 1045 596 S.
1091 526 1516 596 ATHANASII
1558 525 1733 592 OPP.
1779 521 1985 588 PARS
2029 513 2078 582 Ι.
2112 550 2191 564 --
2221 508 2647 580 HISTOBICA
2689 507 2792 573 ET
2835 499 3328 572 DOGMATICA.

3753 491 3887 580 733

441 666 544 726 ille
573 665 773 724 omnia
797 665 1014 740 ubique
1059 665 1187 724 loca
1217 667 1345 722 suis
1394 665 1706 722 adversum
1735 677 1852 718 non
1881 655 2094 714 litteris

2218 648 2366 710 3510:
2403 643 2829 719 ἀναθεματίζων.
2860 639 3035 702 Αὐτὸς
3089 637 3183 711 μὶν
3236 633 3328 691 οῦν
3378 629 3492 705 ⁴ἤδη
3533 631 3886 740 πεπλήρωκε

444 757 711 831 implevit
757 775 770 813 :
804 757 1162 829 plurimique
1195 773 1328 812 cum
1377 772 1444 810 eo
1477 751 1890 810 communione
1911 747 2103 822 juncti

439 852 604 906 sunt.
638 848 762 904 Imo
805 865 874 902 ex
905 846 977 904 iis
1003 846 1104 919 qui
1135 851 1472 903 nostrarum
1495 860 1622 900 esse
1653 841 1909 916 partium
1941 842 2105 912 puta-

436 939 678 1006 bantur,
713 936 814 993 alii
869 953 1000 992 sese
1023 937 1152 1008 jam
1198 935 1284 991 illi
1332 933 1652 999 sociarunt,
1688 931 1784 987 alii
1839 929 2102 1000 idipsum

443 1036 632 1094 acturi
655 1040 793 1092 sunt
811 1053 822 1090 :
840 1052 1067 1107 nosque
1086 1034 1196 1089 soli
1219 1033 1637 1089 remansimus.
1655 1027 2104 1098 Periculumque

435 1130 526 1182 est
556 1142 627 1181 ne
661 1125 1043 1196 dignoscatur
1092 1123 1350 1196 haeresis,
1387 1137 1530 1177 neve
1565 1136 1673 1175 nos
1701 1119 1975 1188 deinceps
2006 1120 2103 1169 tu—

438 1232 553 1287 que
587 1213 860 1270 similiter
889 1212 1146 1269 heretici
1175 1211 1564 1284 appellemur.
1593 1208 1740 1264 illud
1773 1207 1823 1262 si
1854 1204 2099 1267 accidat,

437 1303 1034 1378 tute,quasso,videas
1052 1319 1123 1357 ne
1146 1318 1280 1356 cum
1303 1300 1641 1356 Manichaeis
1669 1300 2098 1368 computemur.

437 1405 557 1477 Age
587 1403 806 1476 itaque,
836 1401 1305 1473 persecutionem
1329 1399 1520 1454 denuo
1551 1394 2102 1467 incipe,hzeresique

439 1491 806 1566 patrocinare
843 1507 854 1547 :
889 1507 1030 1546 nam
1061 1494 1117 1544 te
1148 1488 1249 1544 illa
1280 1505 1517 1560 quoque
1549 1488 1964 1558 imperatorem
1995 1483 2100 1538 ha-

437 1583 556 1640 bet.
591 1583 719 1638 Haac
749 1580 879 1654 ipsa
911 1582 1082 1635 erant
1111 1578 1360 1635 subdola
1389 1593 1592 1633 eorum
1622 1575 1816 1631 verba.
1837 1572 1938 1629 Ille
1966 1589 2100 1628 vero

440 1688 575 1728 cum
622 1674 828 1727 contra
868 1667 1276 1742 Magnentium
1327 1683 1650 1739 properans
1697 1661 2097 1736 pertransiret,

443 1765 759 1834 conspecta
771 1759 1182 1832 episcoporum
1197 1755 1653 1813 cumAthanasio
1666 1751 2098 1818 communione,

442 1850 612 1924 quasi
651 1849 784 1923 igne
832 1849 1260 1917 inﬂammatus,
1294 1845 1649 1902 sententiam
1697 1841 2097 1912 commutavit,

436 1948 1032 2021 juramentorumque
1065 1946 1397 2012 immemor,
1423 1959 1666 2000 suorum
1689 1957 1925 2014 quoque
1955 1939 2098 1996 scri-

445 2041 682 2111 ptorum
729 2035 946 2092 oblitus
990 2037 1100 2101 est,
1136 2034 1316 2090 debiti
1367 2033 1509 2089 item
1555 2031 1720 2088 fratri
1768 2047 1874 2087 suo
1924 2028 2097 2085 ofﬁcii
2129 2031 2178 2098 Β

443 2127 712 2199 ingratus
757 2125 855 2181 ille
885 2125 1228 2182 recordatus
1281 2140 1397 2179 non
1429 2126 1537 2179 est.
1570 2122 1718 2178 Nam
1752 2121 1812 2175 in
1867 2120 1991 2175 suis
2022 2119 2093 2174 ad

443 2231 582 2273 eum
630 2214 860 2285 litteris,
891 2219 949 2269 et
977 2230 1110 2269 cum
1163 2211 1553 2268 Athanasium
1585 2210 1904 2282 conspexit,
1930 2209 2096 2280 jura-

445 2309 642 2362 mento
673 2305 1137 2371 afﬁrmavit,sese
1152 2301 1297 2358 nihil
1321 2305 1797 2372 acturum,quam
1824 2299 1978 2371 quod
2004 2315 2099 2370 po-

444 2393 584 2467 pulo
610 2397 666 2449 et
697 2394 968 2465 episcopo
990 2393 1052 2447 in
1084 2391 1302 2463 optatis
1333 2395 1506 2446 esset.
1530 2389 1642 2446 Sed
1668 2388 1930 2445 studium
1963 2402 2100 2457 erga

445 2483 809 2556 impietatem
864 2482 1131 2538 omnium
1182 2479 1534 2537 oblivionem
1585 2477 1849 2534 adduxit.
1902 2475 2102 2548 Neque

445 2573 665 2630 mirum
709 2572 756 2627 si
803 2575 936 2644 post
980 2575 1100 2626 tam
1135 2569 1356 2626 multas
1407 2568 1656 2641 scriptas
1704 2567 1948 2632 litteras,
1979 2569 2101 2620 tam

448 2660 638 2718 multa
680 2662 817 2717 data
854 2661 1214 2731 juramenta,
1249 2661 1512 2713 mutatus
1562 2656 1642 2712 sit
1671 2654 2050 2711 Constantius
2086 2671 2098 2708 :

451 2775 590 2816 nam
621 2757 717 2813 ille
747 2757 887 2814 olim
925 2756 1155 2829 Egypti
1188 2760 1475 2828 tyrannus
1496 2749 1729 2808 Pharao
1761 2750 2105 2824 plerumque

451 2846 767 2921 pollicitus,
801 2850 977 2918 atque
1007 2845 1161 2901 286
1192 2843 1330 2899 hinc
1355 2858 1661 2916 poenarum
1693 2840 2103 2897 remissionem

453 2939 825 3006 consecutus,
842 2933 1192 2990 sententiam
1212 2933 1498 3000 mutabat,
1513 2932 1696 2987 donec
1711 2930 1950 2986 tandem
1969 2945 2104 2984 cum

451 3025 566 3082 sibi
596 3024 847 3081 consciis
878 3022 1219 3080 hominibus
1250 3021 1532 3077 interiret.

521 3124 610 3179 31.
645 3123 830 3195 (ΑΝΝο
869 3121 1020 3194 355.)
1069 3125 1187 3178 Hos
1226 3119 1409 3193 igitur
1455 3119 1515 3174 in
1559 3117 1812 3190 singulis
1859 3115 2105 3171 urbibus

453 3213 524 3270 ad
547 3211 899 3269 sententiam
921 3209 1404 3266 commutandam
1427 3208 1704 3280 adigebat
1723 3224 1735 3262 :
1756 3222 1892 3262 cum
1908 3207 2105 3260 autem

449 3309 742 3367 Arelatem
771 3314 827 3365 et
856 3308 1252 3366 Mediolanum
1284 3306 1635 3377 advenisset,
1667 3305 1749 3360 ibi
1779 3321 1849 3360 ex
1876 3301 2104 3359 haereti-

2213 739 2280 793 τά
2309 739 2593 813 πανταχοῦ
2624 733 2846 810 γράφων
2878 729 2994 785 καθ’
3023 731 3184 802 ἡμῶν
3217 746 3229 758 ·
3262 725 3354 781 καὶ
3387 724 3440 779 οἱ
3475 723 3568 797 μὶν
3620 719 3886 777 πλεῖστοι

2209 828 2307 896 τὴν
2346 827 2461 900 μετ’
2515 824 2679 880 αὐτοῦ
2721 819 3008 877 κοινωνίαν
3055 815 3246 894 ἔχουσι
3279 835 3292 848 θ
3323 819 3433 871 τῶν
3465 811 3522 868 δέ
3569 811 3658 868 καὶ
3691 808 3890 881 δοξάν-

2209 938 2316 972 των
2355 917 2468 989 μεθ’
2517 917 2677 988 ἡμῶν
2727 911 2862 966 εἶναι
2908 910 2960 963 οἱ
3017 908 3109 981 μέν
3161 905 3561 983 προσετέθησαν
3613 900 3786 972 αὐτῷ,
3831 899 3886 953 οἷ

2215 1002 2273 1060 δὲ
2307 984 2602 1079 μέλλουσιν
2641 1022 2652 1034 ·
2687 1003 2852 1074 ἡμεῖς
2884 995 2942 1053 δὲ
2995 995 3283 1070 ἐμείναμεν
3342 993 3522 1067 μόνοι.
3571 990 3672 1045 Καὶ
3704 984 3884 1079 φόϐος

2214 1077 2413 1169 μὴὴκαὶ
2442 1097 2476 1164 ἡ
2521 1091 2728 1168 α’ίρεσις
2780 1089 3024 1166 γνωσθῇ.
3080 1086 3171 1140 καὶ
3226 1082 3423 1138 λοιπὸν
3469 1084 3638 1155 ἡμεῖς
3684 1079 3778 1134 καὶ
3818 1077 3886 1132 σὺ

2213 1182 2650 1261 χρηματίσωμεν
2685 1176 2947 1253 αἱρετικοί
2981 1195 2994 1209 '
3027 1174 3125 1230 κ’ἀν
3176 1178 3339 1228 τοῦτο
3388 1172 3637 1247 γένηται,
3688 1168 3887 1223 σκόπει

2340 1255 2485 1348 μετὰ
2535 1255 2856 1346 Μανιχαίων
2909 1265 3281 1341 λογισθῶμεν.
3333 1260 3527 1336 Ἀρξαι
3573 1256 3741 1314 πάλιν
3785 1255 3883 1348 οῦν

2215 1346 2455 1430 διώκειν,
2513 1361 2604 1416 καὶ
2661 1359 2870 1434 πρόστα
2924 1362 3024 1426 τῆς
3087 1355 3347 1428 αἱρέσεως
3403 1369 3416 1382 ·
3468 1349 3561 1404 καὶ
3620 1349 3725 1424 γὰρ
3783 1346 3884 1400 καὶ

2211 1453 2343 1523 αὕτη
2401 1453 2457 1506 σε
2516 1448 2746 1526 βασιλέα
2778 1447 2916 1524 ἔχει.
2965 1448 3198 1500 Τοιαῦτα
3247 1441 3342 1516 μὶν
3399 1439 3492 1494 οὖν
3551 1438 3618 1507 ἦν
3666 1435 3884 1495 τούτων

2208 1543 2276 1596 τὰ
2304 1549 2404 1611 τῆς
2436 1525 2771 1614 πανουργίας
2822 1536 3063 1613 ῥήματα.
3117 1531 3216 1588 Καὶ
3268 1529 3429 1592 αὐτὸς
3481 1525 3541 1584 δὲ
3579 1525 3882 1604 διερχόμε-

2208 1652 2324 1695 νος,
2357 1629 2445 1685 ὅτε
2498 1629 2634 1706 πρὸς
2685 1625 3018 1701 Μαγνέντιον
3069 1617 3314 1690 ἔσπευδε,
3361 1617 3452 1673 καὶ
3507 1615 3726 1692 βλέπων
3776 1617 3882 1685 τὴν

2209 1721 2346 1795 πρὸς
2389 1720 2706 1775 Ἀθανάσιον
2755 1721 2864 1771 τῶν
2922 1711 3230 1769 ἐπισκόπων
3281 1707 3595 1778 κοινωνίαν,
3646 1706 3722 1769 ὡς
3777 1707 3885 1761 ὑπὸ

2208 1793 2380 1887 πυρὸς
2440 1807 2692 1886 ἀναφθεὶς
2748 1799 3115 1880 μετεϐάλλετο
3161 1801 3262 1869 τὴν
3312 1798 3567 1874 γνώμην,
3615 1795 3706 1851 καὶ
3757 1793 3890 1851 οὔτε

2208 1881 2315 1955 τῶν
2351 1896 2526 1974 ὅρκων
2555 1881 2989 1970 έμνημόνευσεν,
3042 1889 3190 1946 ἀλλὰ
3236 1889 3328 1943 καὶ
3378 1888 3451 1952 ὧν
3505 1881 3735 1961 ἔγραψεν
3780 1883 3888 1939 έπ-

2209 1973 2454 2057 ελάθετο,
2480 1987 2570 2042 καὶ
2600 1989 2708 2041 τῶν
2743 1984 2881 2060 πρὸς
2909 1981 3000 2036 τὸν
3036 1976 3270 2052 ἀδελφὸν
3312 1973 3663 2044 καθηκόντων
3697 1974 3885 2048 ἀγνώ-

2211 2101 2326 2153 μων
2381 2079 2596 2154 γέγονε.
2653 2075 2752 2130 Καὶ
2805 2073 2908 2148 γάρ
2958 2069 3049 2126 καὶ
3099 2067 3248 2140 αὐτῷ
3289 2067 3537 2154 γράιρων,
3588 2061 3681 2118 καὶ
3728 2064 3890 2117 Ἀθα-

2205 2151 2703 2243 νάσιοννέωρακὼς,
2753 2161 2951 2236 ὅρκους
2993 2156 3197 2214 δέδωκε
3250 2156 3327 2230 μή
3380 2151 3571 2216 ἄλλως
3600 2153 3886 2224 ποιήσειν,

2205 2256 2242 2328 ἤ
2277 2258 2355 2320 ὡς
2387 2257 2448 2312 ἂν
2545 2253 2679 2317 λαὸς
2715 2249 3007 2328 βούληται,
3058 2248 3150 2302 καὶ
3205 2250 3284 2319 τῷ
3333 2241 3616 2315 έπισκόπῳ
3645 2243 3882 2296 καταθυ-

2213 2327 2354 2422 μίως
2407 2327 2902 2421 τυγχάνοι.ῨἈλλ’
2934 2341 2970 2408 ἡ
3024 2337 3162 2414 πρὸς
3205 2336 3308 2404 τὴν
3362 2327 3608 2388 ἀσέϐειαν
3663 2327 3878 2398 σπουδὴ

2208 2419 2423 2493 πάντων
2487 2419 2697 2510 ἀθρόως
2776 2429 2935 2485 αὐτὸν
3011 2424 3355 2482 ἐπιλαθέσθαι
3425 2420 3749 2492 πεποίηκεν.
3803 2419 3879 2473 Ού

2212 2525 2295 2582 δεῖ
2351 2522 2409 2580 δὲ
2483 2523 2773 2596 θαυμάζειν
2835 2519 2881 2572 εί
2946 2517 3079 2592 μετά
3133 2519 3370 2571 τοσαῦτα
3423 2512 3727 2588 γράμματα
3785 2511 3878 2564 καὶ

2210 2613 2504 2676 τοσούτους
2536 2611 2731 2687 ’ὀρκους
2763 2605 3056 2679 ἠλλοιώθη
3092 2603 3491 2673 Κωνστάντιος,
3543 2599 3750 2674 ὅπουγε
3786 2598 3884 2653 καὶ

2214 2706 2241 2761 ὁ
2299 2710 2402 2774 τῆς
2453 2685 2733 2777 Δί’γύπτου
2800 2697 2925 2752 τότε
2975 2693 3236 2769 τύραννος
3296 2690 3540 2764 Φαραὼ,
3601 2685 3884 2749 πολλάκις

2215 2774 2721 2868 ἐπαγγελλόμενος,
2748 2787 2838 2842 καὶ
2889 2783 2978 2840 διὰ
3022 2787 3185 2838 τοῦτο
3232 2774 3527 2854 λαμϐάνων
3557 2780 3668 2832 τῶν
3704 2777 3885 2851 βασά-

2213 2905 2320 2938 νων
2350 2880 2547 2952 ἄνεσιν,
2604 2877 2930 2953 μετετίθετο,
2982 2870 3089 2936 ἕως
3135 2871 3210 2934 εἰς
3257 2867 3418 2952 τέλος
3467 2863 3721 2921 ἀπώλετο
3775 2864 3880 2920 σύν

2216 2972 2402 3034 αὐτοῖς
2432 2975 2549 3032 τοῖς
2581 2968 2950 3042 ὁμονοήσασιν
2983 2965 3152 3034 αὐτῷ.

2286 3065 2376 3119 31.
2405 3038 2641 3121 Τούτους
2678 3057 2773 3131 μὲν
2827 3052 2919 3110 οῦν
2965 3053 3103 3109 κατά
3145 3047 3309 3105 πόλιν
3356 3050 3572 3122 πρῶτον
3628 3038 3885 3113 ἐϐιάζετο

2221 3150 2591 3226 μετατίθεσθαι
2628 3169 2640 3182 ·
2675 3145 2972 3222 γενόμενος
3023 3140 3082 3196 δέ
3129 3141 3181 3195 ἐν
3226 3142 3296 3212 τῇ
3347 3133 3628 3226 ’ᾼρελατςρ
3663 3133 3756 3226 καὶ
3807 3137 3884 3207 τῇ

2216 3237 2564 3312 Μεδιολάνῳ,
2625 3219 2822 3291 λοίπὸᾴ
2881 3234 2958 3296 ὡς
3015 3233 3068 3286 οἱ
3129 3225 3395 3304 αἱρετικοὶ
3451 3219 3881 3279 συνεϐούλευσαν

2214 3331 2305 3386 καὶ
2340 3329 2614 3398 ὑπέθεντο,
2649 3325 2823 3388 οὕτως
2855 3322 3016 3384 αὐτὸς
3065 3319 3318 3396 ἔπραττε,
3367 3312 3583 3390 μᾶλλον
3616 3310 3674 3367 δέ
3704 3311 3883 3373 οὕτως

451 3416 655 3458 corum
685 3398 928 3456 consilio
958 3403 1015 3454 et
1042 3397 1347 3454 cohortatu
1379 3396 1578 3452 omnia
1607 3395 1952 3468 agebantur,
1981 3392 2099 3448 imo

2218 3421 2304 3477 καὶ
2344 3418 2497 3475 αὐτοὶ
2547 3414 2958 3492 διεπράττοντο,
2988 3413 3079 3466 καὶ
3131 3405 3434 3481 ἐνήλλοντο
3481 3403 3620 3458 κατὰ
3663 3403 3883 3457 πάντων

450 3489 648 3563 potius
686 3488 799 3562 ipsi
829 3505 923 3547 res
972 3489 1270 3562 gerebant,
1304 3491 1658 3558 acceptaque
1707 3487 1993 3557 potestate
2021 3481 2102 3536 ir-

449 3580 702 3636 ruebant
730 3577 790 3634 in
835 3594 1062 3634 omnes.
1094 3577 1240 3632 Hinc
1272 3577 1470 3632 statim
1495 3576 1668 3646 jussa
1698 3591 1765 3630 ac
1795 3573 2000 3628 litteras
2030 3572 2104 3628 ad

449 3668 810 3742 praefectum,
825 3667 1178 3723 utcontinuo
1199 3666 1552 3721 frumentem
1576 3663 1897 3718 Athanasio
1921 3661 2107 3718 aufer-

451 3761 636 3827 retur,
677 3757 1032 3828 dareturque
1081 3754 1154 3810 iis
1204 3755 1305 3827 qui
1351 3754 1619 3809 Arianice
1662 3753 1949 3809 sentirent
1992 3766 2105 3806 :ac

450 3847 664 3920 cuique
679 3847 891 3903 volenti
925 3832 1787 3912 facultas—esset,contumelias
1818 3839 2106 3897 inferendi

458 3945 533 4002 iis
563 3944 665 4017 qui
694 3943 998 4000 Athanasii
1023 3941 1409 3998 conventibus
1432 3938 1965 3995 interessent.Hinc
1994 3937 2106 3993 mi-

455 4051 545 4090 nas
577 4049 812 4105 quoque
858 4031 1160 4103 judicibus
1209 4030 1526 4096 intentata,
1559 4029 1674 4084 nisi
1705 4045 1840 4083 cum
1872 4026 2108 4083 Arianis

457 4141 492 4180 a
519 4122 764 4193 Syriano
796 4122 944 4177 duce
965 4125 1168 4193 postea
1208 4122 1529 4193 gestarum.
1564 4119 1628 4174 In
1658 4118 1972 4174 exteriores
2003 4133 2105 4172 au-

451 4217 575 4270 tem
607 4215 799 4284 partes
829 4210 1042 4268 iterum
1067 4211 1258 4282 jussa,
1291 4208 1501 4265 notarii
1535 4208 1673 4264 item
1709 4224 1811 4280 per
1842 4205 2108 4279 singulas

453 4302 632 4359 urbes
661 4305 718 4356 et
748 4299 992 4373 palatini
1026 4299 1219 4354 minas
1247 4299 1575 4354 deterentes
1605 4298 1677 4352 ad
1718 4298 2027 4370 episcopos
2056 4300 2113 4350 et

457 4400 532 4457 ad
550 4399 787 4471 judices
818 4397 1158 4464 mittuntur,
1193 4400 1258 4452 ut
1277 4396 1511 4468 judices
1542 4394 1855 4464 concitent,
1887 4391 2110 4464 episco-

457 4490 634 4563 pique
661 4487 751 4545 vel
773 4487 1119 4543 Arianorum
1137 4484 1612 4542 communionem
1635 4481 1888 4556 amplexi
1909 4485 2114 4537 contra

454 4577 847 4636 Athanasium
878 4575 1273 4647 subscribant,
1308 4577 1410 4631 aut
1457 4572 1645 4628 exsilii
1677 4588 1907 4644 poenam
1941 4571 2116 4626 susti-

459 4671 660 4734 neant,
704 4683 771 4722 ac
821 4666 1089 4737 quicum
1139 4663 1256 4720 illis
1299 4662 1656 4720 conveniunt
1703 4660 1926 4733 populi,
1960 4664 2113 4715 certo

2214 3509 2434 3588 ἔχοντες
2464 3509 2564 3576 τὴν
2614 3489 2872 3576 ἐξουσίαν.
2932 3501 3032 3557 Καὶ
3082 3499 3236 3561 εὐθὺς
3269 3493 3377 3552 ὦδε
3412 3494 3506 3569 μὲν
3540 3489 3756 3549 ἐντολαὶ
3787 3491 3882 3546 καὶ

2213 3583 2515 3677 γράμματα
2541 3596 2678 3673 πρὸς
2709 3595 2800 3650 τὸν
2835 3589 3098 3669 ἔπαρχον,
3126 3587 3218 3645 ’ίνα
3246 3587 3384 3648 τέως
3418 3585 3447 3640 ὁ
3479 3589 3626 3645 σῖτος
3659 3583 3884 3660 ἀφαιρε-

2309 3670 2826 3763 παράἋθανασίου,
2869 3681 2960 3737 καὶ
3011 3678 3144 3752 δοθῇ
3193 3682 3312 3739 τοῖς
3360 3670 3697 3765 τρὶ-Ἀρείου
3748 3691 3885 3765 φρο-

2211 3758 2398 3851 νοῦσι,
2443 3776 2532 3833 καὶ
2578 3773 2670 3831 ’ἶνα
2727 3773 2819 3848 ἐξῇ
2879 3767 3115 3848 ὑϐρίζειν
3175 3772 3293 3829 τοῖς
3349 3761 3711 3840 βουλομένοις
3751 3758 3884 3822 τούς

2219 3875 2333 3946 μετ’
2381 3867 2546 3922 αὐτοῦ
2597 3847 3022 3939 συναγομένους.
3073 3853 3305 3926 Ἀπειλή
3352 3874 3413 3909 τε
3455 3853 3523 3922 ἧν
3569 3856 3689 3914 τοῖς
3731 3847 3885 3905 δικα-

2215 3942 2390 4028 σταῖς,
2443 3957 2489 4012 εἰ
2553 3956 2628 4029 μὴ
2680 3956 2996 4028 συνάγοιντο
3050 3947 3184 4023 μετὰ
3227 3950 3337 4000 τῶν
3391 3944 3684 4019 Ἀρειανῶν
3742 3942 3884 4029 (721).

2214 4054 2314 4104 Ἦν
2369 4045 2427 4102 δὲ
2471 4028 2643 4100 ταῦτα
2689 4040 2960 4117 προοίμια
3005 4041 3115 4093 τῶν
3171 4035 3306 4110 μετά
3351 4037 3520 4088 ταῦτα
3569 4028 3886 4106 γενομένων

2218 4136 2309 4195 διὰ
2332 4140 2428 4191 τοῦ
2461 4132 2651 4196 δουκὸς
2688 4133 2978 4206 Συριανοῦ.
3032 4126 3128 4190 Εἷς
3162 4122 3220 4180 δὲ
3264 4124 3334 4178 τὰ
3379 4117 3480 4193 ἔξω
3525 4120 3662 4194 μέρη
3715 4139 3894 4206 προσ-

2216 4227 2471 4302 τάγματα
2515 4220 2701 4293 παλιν,
2753 4205 2843 4275 καὶ
2886 4218 3128 4294 νοτάριοι
3178 4214 3320 4270 κατὰ
3366 4209 3530 4266 πόλιν
3579 4207 3671 4264 καὶ
3701 4205 3889 4262 παλσ-

2216 4295 2359 4372 τινοὶ
2409 4313 2659 4392 φέροντες
2711 4307 2941 4370 ἀπειλὰς
2990 4301 3392 4362 ἀπεστέλλοντο
3449 4298 3588 4375 πρός
3641 4317 3700 4392 τε
3757 4295 3894 4359 τοὺς

2221 4384 2547 4466 ἐπισκόπους
2595 4401 2686 4456 καὶ
2731 4398 2858 4461 τοὺς
2911 4395 3164 4457 δικαστάς
3201 4413 3213 4425 ·
3243 4391 3339 4448 τίνα
3395 4391 3449 4446 οἱ
3495 4388 3588 4464 μὶν
3639 4384 3893 4441 δικασταὶ

2223 4494 2533 4570 έπείγωσιν,
2591 4492 2643 4546 οἱ
2693 4487 2751 4545 δέ
2798 4483 3160 4554 ἐπίσκοποιῆ
3215 4481 3310 4538 ἵνα
3364 4480 3503 4536 κατά
3559 4474 3892 4533 Ἀθανασίου

2221 4586 2493 4664 γράφωσι,
2540 4578 2824 4636 κοινωνίαν
2867 4575 3088 4654 ἔχοντες
3136 4573 3274 4650 πρὸς
3322 4569 3451 4632 τοὺς
3483 4563 3822 4643 Ἀρειανοὺς,
3854 4563 3894 4631 ἢ

2220 4652 2490 4750 τίμωρίαν
2520 4669 2673 4726 αὐτοὶ
2711 4669 2804 4743 μὲν
2839 4652 3179 4740 ὑπομένωσιν
3216 4658 3537 4750 έξοριστίας,
3580 4655 3633 4711 οἱ
3665 4652 3723 4750 δέ
3752 4653 3893 4750 τού-

460 4765 651 4823 sciant
681 4781 743 4821 se
772 4763 1027 4828 vincula,
1043 4761 1448 4827 contumelias,
1467 4759 2107 4832 plagas,bonorumque

2218 4785 2335 4826 τοις
2367 4759 2756 4836 συνερχόμενοι
2806 4755 2931 4811 λαοὶ
2983 4752 3176 4826 δεσμὰ,
3223 4749 3314 4806 καὶ
3366 4743 3575 4824 ὕϐρεις,
3620 4743 3711 4799 καὶ
3743 4739 3896 4812 πλη-

2585 4849 2593 4850 ,
2867 4846 2876 4850 _
2944 4846 2957 4850 _
3051 4841 3061 4850 .
3297 4843 3323 4850 η
3417 4834 3490 4850 ..υ
3624 4835 3639 4850 .
3825 4831 3838 4850 1

461 4853 821 4926 direptiones
851 4851 1426 4925 experturos.Nequc
1457 4849 1805 4905 mandatum
1827 4847 2115 4921 neglectui

414 4953 416 4956 '
465 4943 736 4999 habitum
769 4946 892 5010 est;
926 4941 1136 5015 legatis
1161 4941 1379 5012 quippe
1401 4938 1642 4995 comites
1672 4938 1792 4994 dati
1823 4942 1981 5005 sunt,
2015 4937 2122 4993 Ur—

467 5033 610 5090 sacii
659 5037 716 5088 et
745 5029 1008 5087 Valentis
1059 5028 1272 5099 clerici,
1309 5027 1410 5101 qui
1459 5027 1819 5083 concitarent
1857 5025 2010 5098 illos,
2042 5043 2128 5082 re-

469 5122 895 5193 missioresque
937 5118 1170 5192 judices
1221 5118 1293 5174 ad
1340 5117 1754 5190 imperatorem
1812 5115 2124 5172 deferrent.

471 5221 734 5292 Cumque
765 5217 1022 5288 reliquas
1045 5216 1322 5285 haereses,
1345 5221 1543 5288 utpote
1575 5213 1832 5270 minores
1863 5230 2003 5269 suas
2034 5230 2127 5269 so-

471 5326 656 5377 rores,
692 5308 1079 5366 concederent
1111 5307 1168 5361 iu
1199 5304 1514 5362 Dominum
1540 5303 2129 5377 blasphemare,solis

472 5399 824 5456 Christianis
848 5397 1134 5469 parabant
1164 5395 1432 5466 insidias,
1457 5395 1610 5465 quod
1645 5393 1885 5466 indigne
1910 5392 2132 5447 ferrent

473 5488 602 5561 pios
637 5490 708 5544 de
739 5487 970 5544 Christo
1002 5501 1305 5542 sermones
1346 5484 1570 5540 audire.
1605 5483 1767 5548 Quod
1797 5483 1980 5555 igitur
2009 5483 2129 5554 epi-

483 5577 663 5648 scopi,
696 5577 781 5632 uti
825 5576 1111 5648 scriptum
1165 5579 1257 5631 est
1286 5575 1325 5643 ¹,
1358 5575 1431 5630 ad
1462 5575 1640 5630 duces
1685 5577 1744 5628 et
1772 5589 1938 5645 reges
1970 5571 2132 5628 ducti

553 5727 569 5760 ¹
604 5725 780 5782 Marc.
811 5741 938 5794 xm,
968 5727 1022 5780 9.

2224 4855 2326 4930 γὰς
2372 4831 2500 4906 κατ’.
2531 4831 2738 4918 αὐτῶν,
2791 4846 2883 4900 καὶ
2933 4841 3212 4923 ἀφαίρεσιν
3257 4843 3365 4894 τῶν
3417 4834 3570 4892 ἰδίων
3619 4831 3902 4910 ὑπαρχόν-

2229 4921 2336 4999 των
2371 4937 2580 4997 ἔσεσθαι
2610 4937 2952 5014 γινώσκοιεν.
2984 4921 3097 4988 Οὐκ
3139 4928 3406 5006 ἠμελεῖτο
3457 4923 3516 4982 δέ
3560 4925 3623 4979 τὸ
3653 4921 3900 5014 πρόστα-

2231 5053 2349 5110 γμα
2379 5049 2392 5063 ’
2426 5028 2517 5084 καὶ
2547 5011 2651 5104 γὰρ
2683 5031 2834 5103 εἶχον
2863 5026 2916 5080 οἱ
2941 5018 3336 5082 ἀποσταλέντες
3368 5016 3483 5091 μεθ’
3515 5016 3731 5110 έαυτιῖἶν.
3751 5011 3899 5082 κλη-

2235 5120 2423 5199 ρικοὺς
2457 5117 2759 5196 Ούρσακίου
2789 5116 2880 5171 καὶ
2909 5110 3236 5184 Οὐάλεντος,
3261 5107 3355 5164 ’ίνα
3401 5107 3492 5162 καὶ
3527 5102 3902 5177 παροξύνωσι,

2233 5210 2325 5266 καὶ
2374 5207 2715 5284 ἀμελοῦντας
2768 5205 2896 5268 τοὺς
2950 5201 3204 5264 δικαστὰς
3250 5197 3617 5273 κατενέγκωσι
3669 5196 3752 5266 τῷ
3801 5192 3905 5270 βα-

2237 5283 2422 5355 σιλεῖ(
2460 5297 2561 5353 Καὶ
2606 5299 2704 5359 τὰς
2756 5295 2851 5370 μέν
2896 5293 3133 5370 αἱρέσεις
3176 5291 3254 5353 ὡς
3305 5286 3632 5363 μικροτέρας
3692 5283 3906 5346 ἑαυτῶν

2238 5385 2476 5466 ἀδελφὰς
2508 5386 2852 5462 συνεχώρουν
2906 5381 3252 5466 βλασφημεῖν
3288 5378 3365 5441 εἷς
3411 5378 3500 5432 τὸν
3541 5373 3767 5466 Ιξύριον,
3805 5371 3910 5446 μό-

2237 5498 2356 5540 νοις
2388 5463 2458 5532 δὲ
2498 5480 2616 5538 τοῖς
2675 5477 3020 5551 Χριπιανοῖς
3079 5464 3464 5537 ἐπεϐούλευον,
3522 5463 3585 5520 οὗ
3645 5463 3912 5542 φέροντες

2241 5565 2452 5623 ἀκούειν
2485 5564 2609 5641 περὶ
2639 5567 2874 5641 Χριστοῦ
2920 5559 3102 5637 λόγων
3154 5552 3412 5616 έόσεϐῶν.
3465 5553 3642 5614 Πόσοι
3679 5573 3914 5630 τοιγαρ-

560 5867 678 5941 (21)
729 5866 846 5923 Sic.
879 5867 1020 5940 Reg.
1054 5869 1182 5925 cod.
1216 5884 1392 5940 quem
1440 5866 1767 5940 sequimur.
1799 5866 1955 5926 Editi
1983 5883 2107 5931 verc

2219 5862 2488 5945 ίρετικῶν.
