4132 6376
230 285 352 366 729

1207 303 1577 370 HISTORIA
1617 295 2088 367 ARIANORUM
2130 297 2233 364 AD
2277 295 2728 368 MONACHOS.

3529 303 3650 372 730

233 440 330 491 οὖν
371 435 678 508 ἐπίσκοποι,
722 442 858 496 κατά
901 461 964 496 το
1011 440 1415 516 γεγραμμένον,
1469 438 1557 493 ἐπὶ
1605 437 1882 514 ἡγεμόνας

2022 441 2156 504 sunt,
2181 453 2214 492 a
2235 437 2658 510 judicibusque
2688 437 2809 493 haec
2836 437 3072 494 audiere
3095 454 3107 494 :
3129 439 3244 494 Aut
3275 441 3648 516 subscribite,

229 528 324 581 καὶ
359 524 614 602 βασιλέας
661 526 936 606 ἤχθησαν,
980 529 1070 585 καὶ
1101 530 1247 604 παρὰ
1298 526 1560 583 δικαστῶν
1594 525 1830 598 ἤκουσαν
1867 549 1879 562 ·

232 615 304 670 Ἢ
339 616 706 692 ὑπογράψατε,
741 619 776 688 ἢ
815 624 922 674 τῶν
957 617 1293 690 Ἐκκλησιῶν
1345 618 1678 693 ἀνα-χωρεῖτε
1708 635 1721 647 ·
1753 617 1880 671 καθ-

234 707 514 781 αιρεθῆναι
563 707 667 781 γὰρ
725 707 863 780 ὑμᾶς
927 706 1181 783 βασιλεὺς
1237 707 1529 783 προσέταξε
1562 724 1576 775 ;
1608 705 1767 760 πόσοι
1807 701 1886 759 δι-

1994 531 2096 582 aut
2125 526 2198 581 ab
2219 527 2493 583 Ecclesiis
2521 527 2789 594 recedite,
2824 544 2961 582 nam
2987 528 3168 598 jussit
3225 529 3543 602 imperator
3589 537 3656 588 ut

1993 616 2347 671 abdicemini
2373 617 2385 670 l
2422 621 2564 688 quot
2595 617 2667 671 ab
2693 615 2813 672 illis
2836 634 2939 688 per
2960 616 3228 689 singulas
3251 619 3426 675 urbes
3456 625 3655 676 extur—

1996 704 2118 762 bati
2149 708 2306 771 sunt,
2340 720 2410 759 ne
2440 705 2523 760 illi
2555 709 2621 760 ut
2651 707 3058 777 episcoporum
3084 707 3261 762 amici
3310 725 3657 766 accusaren-

235 794 546 864 εσείσθησαν
576 797 702 872 παρ’
733 795 906 851 αὐτῶν
938 798 1074 853 κατᾶ
1102 795 1288 863 πόλιν,
1332 794 1424 850 ’ίνα
1459 797 1532 869 μή
1583 796 1659 857 ὡς
1690 792 1886 873 φίλους

2027 791 2129 848 ur!
2179 793 2324 848 Nam
2356 793 2500 864 ipsis
2547 793 2991 865 magistratibus
3035 794 3229 851 missas
3261 795 3465 853 litteras
3497 805 3660 872 sunt,

233 887 344 938 τῶν
377 884 686 939 ἐπισκόπων
739 885 933 948 αὐτοὺς
979 887 1440 960 καταμέμψωνται
1478 886 1489 941 ί
1525 885 1623 939 Καὶ
1664 885 1767 959 γὰρ
1797 882 1887 937 καὶ

233 971 594 1036 πολιτευταῖς
627 974 912 1054 ἐγράφετο.
957 975 1057 1030 Καὶ
1104 976 1172 1045 ἦν
1206 972 1431 1044 ἀπειλὴ,
1467 973 1637 1047 ζημία
1668 974 1889 1050 χρημά-

234 1067 372 1134 των,
405 1063 451 1117 εἶ
487 1065 562 1137 μή
617 1063 909 1139 ἀναγκάζοι
939 1061 1163 1127 ἕκαστος
1210 1065 1300 1118 τὸν
1349 1069 1450 1134 τῆς
1505 1060 1644 1124 ἰδίας
1673 1060 1890 1124 πόλεως

239 1149 536 1207 ἐπίσκοπον
591 1153 925 1232 ὑπογράφειν
976 1171 988 1184 ·
1040 1155 1132 1209 καὶ
1186 1151 1332 1216 ὅλως
1383 1157 1488 1214 πᾶς
1544 1151 1745 1224 τόπος,
1803 1149 1892 1205 καὶ

238 1245 386 1296 πᾶσα
413 1239 581 1305 πόλίς
615 1241 978 1318 ἐπεπλήρωτο
1011 1239 1186 1322 φόϐου
1211 1243 1300 1298 καὶ
1338 1248 1608 1318 ταραχῆς,
1657 1245 1764 1296 τῶν
1801 1241 1893 1314 μὶν

242 1329 554 1385 ἐπισκόπων
587 1328 924 1402 ἑλκομένων,
955 1336 1062 1387 τῶν
1097 1329 1155 1387 δέ
1185 1329 1449 1387 δικαστῶν
1483 1331 1738 1409 ὁρώντων
1768 1328 1896 1391 τοὺς

244 1415 524 1496 ὀδυρμοὺς
553 1420 643 1474 καὶ
675 1419 1008 1495 στεναγμοὺς
1039 1425 1146 1476 τῶν
1181 1418 1350 1476 λαῶν.

315 1510 406 1564 32.
437 1512 612 1563 Ταῦτα
647 1509 741 1582 μὲν
774 1511 920 1585 παρὰ
966 1514 1072 1564 τῶν
1125 1508 1536 1565 ἀποσταλέντων
1586 1506 1899 1564 παλατινῶν

245 1593 539 1672 ἐπράττετο
572 1613 586 1628 ⁸
620 1598 673 1651 οἱ
748 1593 805 1652 δὲ
876 1599 1179 1672 θαυμαστοὶ
1250 1601 1366 1672 (22)
1437 1597 1758 1675 θαρροῦντες
1816 1598 1900 1660 αἷς

247 1680 442 1761 ἔχουσι
492 1685 885 1761 προστασίαις,
935 1686 1177 1758 σπουδήν
1233 1686 1466 1742 τίθενται
1517 1706 1530 1719 ·
1580 1687 1669 1741 καὶ
1728 1686 1902 1749 οὕτως

1999 883 2294 953 minisque
2325 882 2624 951 adhibitis,
2660 882 2846 938 multa
2872 878 3256 955 pecuniarum
3289 885 3531 957 indicta,
3567 891 3660 946 ni-

2001 973 2051 1028 si
2084 971 2300 1043 singuli
2333 989 2451 1027 suae
2483 972 2647 1027 urbis
2677 972 3088 1044 episcoporum
3112 975 3414 1047 adigerent
3435 980 3504 1033 ad
3526 981 3662 1036 sub-

2003 1059 2402 1116 scribendum.
2435 1060 2638 1115 Omnis
2672 1061 2926 1134 denique
2984 1061 3169 1130 locus,
3231 1065 3423 1122 omnis
3456 1067 3660 1124 civitas

2004 1157 2224 1208 terrore
2245 1168 2309 1206 ac
2331 1150 2588 1206 tumultu
2623 1151 2975 1223 replebatur,
3007 1154 3148 1208 dum
3180 1155 3438 1228 episcopi
3470 1158 3666 1214 trahe-

2007 1245 2232 1307 rentur,
2259 1240 2616 1312 judicesque
2647 1242 3050 1313 conspicerent
3080 1242 3305 1300 luctum
3349 1246 3664 1318 gemitum-

2009 1346 2122 1402 que
2154 1328 2526 1402 populorum.

2080 1510 2167 1566 32.
2200 1511 2329 1563 Haec
2351 1512 2518 1564 erant
2539 1507 2855 1563 missorum
2886 1507 3281 1568 Palatinorum
3325 1518 3511 1586 gesta.
3546 1516 3664 1571 Ad-

2012 1599 2263 1655 mirandi
2294 1603 2489 1652 autem
2521 1596 2606 1650 illi
2638 1596 2927 1668 homines,
2960 1599 3035 1654 iis
3065 1617 3190 1671 quae
3222 1603 3380 1657 nacti
3399 1609 3540 1659 sunt
3569 1622 3670 1678 pa-

2009 1687 2274 1744 trociniis
2309 1685 2458 1753 freti,
2501 1685 2610 1741 hoc
2640 1691 2922 1742 curarunt
2951 1692 3016 1742 ut
3072 1705 3141 1744 ex
3195 1689 3484 1764 episcopis
3525 1692 3669 1750 alios

243 1780 354 1830 τῶν
387 1774 696 1830 ἐπισκόπων
727 1775 855 1839 τούς
891 1777 985 1851 μὲν
1034 1778 1170 1853 πρὸς
1226 1775 1454 1852 βασιλέα
1495 1773 1744 1849 καλοῦσι,
1774 1775 1900 1838 τοὺς

252 1862 298 1881 ε..
395 1863 435 1881 ,κ
539 1862 563 1881 ε.
602 1866 616 1881 .
871 1867 882 1881 ,
1101 1869 1124 1881 ..
1170 1864 1194 1881 α
1239 1865 1252 1881 ι
1469 1863 1488 1881 κ
1522 1866 1533 1881 ,
1889 1866 1900 1881 .

2022 1778 2084 1833 ad
2107 1777 2520 1849 imperatorem
2545 1779 2927 1846 accerserent,
2952 1775 3097 1832 alios
3121 1777 3334 1836 litteris
3351 1781 3476 1836 suis
3497 1781 3674 1839 ﬁctis-

1889 1866 1900 1886 ι

249 1862 308 1920 δὲ
335 1863 502 1920 πάλιν
536 1862 624 1920 διὰ
654 1867 996 1940 γραμμάτων
1031 1864 1399 1940 μεθοδεύουσι,
1425 1863 1754 1928 πλάττοντες
1783 1887 1882 1920 κατ

250 1953 428 2009 αὐτῶν
474 1955 771 2032 προφάσεις
820 1975 833 1989 ο
863 1953 938 2009 ’ἶν’
989 1956 1043 2011 οἳ
1095 1956 1188 2029 μὲν
1243 1955 1482 2030 παρόντα
1532 1956 1898 2010 Κωνστάντιον

247 2043 661 2114 καταπτήξωσιν
697 2089 711 2115 ,
769 2044 821 2098 οἱ
880 2041 957 2115 δὲ,
1015 2043 1144 2108 τοὺς
1201 2042 1601 2106 ἀποσταλέντας
1659 2044 1748 2098 καὶ
1804 2045 1902 2107 τὰς

252 2129 482 2194 ἀπειλὰς
529 2139 632 2202 τῆς
676 2131 735 2188 ἐκ
779 2135 1103 2212 προφάσεως
1152 2133 1508 2212 συκοφαντίας
1553 2127 1904 2210 φοϐηθέντες,

257 2222 589 2295 μεταθῶνται
642 2229 746 2292 τῆς
805 2223 1007 2278 ἑαυτῶν
1088 2223 1254 2299 ὀρθῆς
1301 2223 1390 2278 καὶ
1461 2217 1713 2285 εὐσεϐοῦς
1767 2225 1905 2296 μνή-

257 2332 367 2385 μης
397 2313 531 2384 (23).
565 2309 720 2366 Οὕτω
768 2314 898 2386 γοῦν
952 2307 1204 2367 ἐϐιάσατο
1259 2309 1514 2386 βασιλεὺς
1556 2313 1618 2365 τὸ
1647 2317 1904 2366 τοσοῦτον

250 2404 361 2456 τῶν
395 2399 703 2455 ἐπισκόπων
735 2399 970 2472 πλῆθος,
1002 2401 1069 2455 τὰ
1103 2401 1195 2474 μὲν
1230 2399 1493 2470 ἀπειλῶν,
1524 2401 1592 2454 τὰ
1636 2398 1694 2455 δὲ
1744 2399 1908 2477 ἐπαγ-

253 2486 616 2564 γελλόμενος,
664 2489 832 2544 εἰπεῖν
868 2511 880 2524 ·
923 2489 1113 2544 Ούκέτί
1164 2493 1531 2563 κοινωνοῦμεν
1585 2489 1903 2562 ’Δθανασίῳ.

255 2577 319 2631 O'L
349 2577 452 2654 γὰρ
486 2576 781 2654 ἐρχόμενοι
835 2579 973 2654 πρὸς
1032 2578 1190 2633 αὐτὸν
1253 2578 1314 2634 ού
1363 2578 1624 2656 πρότερον
1676 2573 1905 2633 ἔϐλεπον

255 2663 414 2722 αὐτὸν
448 2669 584 2741 (24),
618 2663 730 2722 οὗθ’
761 2665 908 2730 ὅλως
960 2664 1134 2722 ἄνεσιν
1187 2666 1332 2744 ἔχειν
1387 2670 1528 2739 τινὰ,
1577 2668 1612 2737 ἢ
1661 2669 1910 2744 προϊέναι

254 2758 356 2830 τῇς
393 2751 534 2818 ἰδίας
553 2755 822 2826 οἰκήσεως
848 2755 1227 2832 ἐπετρέποντο,
1248 2758 1372 2832 πρὶν
1399 2756 1458 2811 ἂν
1481 2757 1516 2826 ἢ
1677 2757 1914 2834 ὑπογρά-

257 2847 454 2918 ψωσιν,
504 2843 540 2913 ἢ
584 2843 929 2908 ἆνανεύοντες
977 2844 1338 2920 ἐξορισθῶσιν.
1391 2846 1599 2901 Ἐποίει
1648 2843 1706 2901 δὲ
1749 2851 1912 2901 τοῦτο

262 2929 353 2987 διὰ
398 2933 461 2988 τὸ
518 2938 743 3010 συνορᾷν
792 2935 897 2988 ἀπὸ
943 2935 1160 2989 πάντων
1216 2936 1484 3008 μισεῖσθαι
1529 2937 1628 3004 τὴν
1684 2932 1910 3012 α’ίρεσιν.

263 3019 349 3077 διὸ
383 3019 623 3096 μάλιστα
650 3023 740 3077 καὶ
772 3024 1044 3098 ἠνάγκασε
1067 3023 1196 3086 τοὺς
1224 3023 1518 3087 τοσούτους
1546 3029 1664 3086 τοῖς
1696 3023 1912 3100 ὀλίγοις

261 3113 730 3187 συναριθμηθῆναι
761 3156 775 3170 .
829 3111 930 3167 Καὶ
978 3109 1308 3168 ἐσπούδασαν
1377 3108 1547 3189 ὄχλον
1627 3113 1910 3186 ὀνομάτων

261 3186 626 3275 συναγαγεῖν,
677 3201 816 3276 πρὸς
865 3199 1056 3278 φθόνον
1107 3201 1199 3275 μὲν
1251 3203 1387 3256 κατὰ
1414 3186 1524 3256 τοῦ
1573 3200 1908 3273 ἐπισκόπου,
1940 3186 1984 3253 C

263 3288 556 3368 φαντασίας
589 3287 646 3344 δὲ
695 3291 857 3365 χάριν
897 3296 998 3359 τῆς
1030 3290 1313 3366 Ἀρειανῆς
1357 3286 1622 3363 ἀσεϐείας,
1655 3294 1723 3361 ἧς
1752 3291 1912 3354 αὐτὸς

265 3375 588 3454 προΐσταται
621 3380 756 3452 (26),
807 3378 1081 3452 οἰόμενος,
1129 3379 1244 3452 ὃτι,
1289 3379 1365 3442 ὡς
1414 3378 1542 3443 τοὺς
1573 3380 1911 3457 ἀνθρώπους,

263 3465 408 3523 οὕτω
453 3467 544 3522 καὶ
586 3469 685 3538 τήν
739 3465 994 3538 ἀλήθειαν
1052 3469 1410 3546 μεταστρέψαι
1459 3465 1782 3544 δυνήσεται·
1818 3471 1916 3527 οὐκ

265 3553 450 3626 εἰδὼς,
482 3553 609 3611 οὐδὲ
640 3555 926 3632 ἀναγνοὺς,
961 3555 1042 3611 ὅτι
1076 3555 1202 3612 οὐδὲ
1233 3555 1592 3613 Σαδδουκαῖοι
1621 3559 1711 3614 καὶ
1741 3565 1913 3638 Ἥρω-

266 3643 464 3719 διανοὶ,
497 3640 942 3720 προσλαϐόμενοι
970 3645 1097 3709 τοὺς
1129 3648 1482 3723 Φαρισαίους,
1517 3646 1748 3724 ’ίσχυσαν
1800 3649 1916 3704 ἐπι-

264 3733 470 3812 κρύψαι
515 3736 615 3804 τήν
667 3734 922 3806 ἀλήθειαν
960 3754 972 3766 ·
1011 3733 1222 3809 μᾶλλον
1271 3737 1374 3812 γὰρ
1417 3737 1506 3792 καὶ
1557 3738 1732 3801 οὕτως
1779 3738 1912 3812 αὕτη

271 3823 367 3897 μὲν
399 3823 712 3900 καθημέραν
747 3820 975 3900 λαμπρὰ
1025 3821 1314 3896 δείκνυται,
1362 3827 1512 3881 οὗτοι
1561 3823 1619 3882 δὲ
1665 3828 1755 3882 καὶ
1791 3829 1918 3902 κρά-

269 3913 476 3984 ξαντες,
511 3912 646 3966 .Ούκ
703 3910 904 3989 ἔχομεν
968 3911 1194 3990 βασιλέα
1253 3914 1298 3968 εἰ
1348 3916 1423 3989 μὴ
1484 3917 1769 3992 Καίσαρα,
1828 3918 1918 3973 καὶ

267 3995 494 4078 ἔχοντες
522 4002 620 4069 τὴν
653 3999 894 4056 Πιλάτου
922 4001 1118 4078 κρίσιν,
1151 4000 1303 4058 οὐδὲν
1335 4003 1496 4074 ἧττόν
1531 4005 1661 4060 εἰσιν
1695 4003 1917 4082 ἔρημοι,

261 4089 356 4145 καὶ
386 4090 568 4162 πάσης
612 4089 901 4167 αἰσχύνης,
957 4093 1136 4163 πάσης
1186 4095 1301 4168 (27)
1349 4092 1759 4172 προσδοκῶντες
1793 4096 1916 4152 ὅσον

263 4175 484 4234 οὐδέπω
536 4178 710 4252 μένειν
761 4181 853 4235 καὶ
908 4181 1060 4236 αὐτοὶ
1107 4185 1244 4238 κατά
1278 4183 1370 4239 τὸν
1420 4183 1648 4261 πέρδικα
1696 4187 1918 4261 γυμνοὶ,

263 4267 392 4323 ὅταν
424 4265 585 4322 ἷ¹δωσι
614 4269 823 4330 καὶτὸν
873 4271 1183 4347 προστάτην
1235 4273 1437 4330 ἑαυτῶν
1490 4275 1916 4347 ἀποθνήσκοντα.

337 4357 426 4413 33.
460 4355 525 4412 El
559 4354 618 4412 δὲ
645 4357 735 4412 καὶ
766 4359 1002 4434 ἀπρεπὲς
1046 4361 1108 4414 τὸ
1165 4358 1312 4424 ὅλως
1368 4361 1456 4418 ἐπὶ
1493 4364 1711 4428 τούτοις
1741 4361 1917 4443 φοϐη-

261 4445 453 4509 θέντας
497 4448 649 4509 τινάς
690 4451 799 4502 τῶν
852 4447 1160 4504 ἐπισκόπων
1214 4453 1549 4525 μεταθέσθαι,
1597 4453 1742 4509 ἀλλὰ
1777 4454 1918 4530 μᾶλ-

2012 1884 2126 1940 que
2157 1865 2670 1922 criminationibus
2728 1866 3254 1922 circumvenirent:
3291 1874 3356 1924 ut
3387 1870 3469 1925 illi
3519 1888 3672 1943 pras-

2013 1961 2240 2013 sentem
2271 1955 2677 2010 Constantium
2710 1955 3181 2026 reformidarent,
3215 1956 3275 2012 hi
3324 1957 3546 2031 legatos
3577 1960 3672 2015 in-

2016 2050 2384 2116 tentatasque
2409 2060 2478 2100 ex
2506 2043 2755 2100 conficta
2793 2043 3088 2099 calumnia
3147 2045 3341 2102 minas
3399 2049 3672 2119 pertime-

2013 2138 2264 2200 scentes,
2294 2151 2328 2189 a
2357 2136 2514 2188 recta
2538 2133 2750 2204 piaque
2782 2148 2890 2188 sua
2919 2134 3212 2189 sententia
3259 2135 3672 2194 desciscerent.

2014 2225 2092 2280 Eo
2113 2223 2494 2297 pactoitaque
2517 2221 3078 2294 imperatortantum
3112 2224 3528 2297 episcoporum
3561 2244 3674 2283 nu-

2017 2328 2408 2379 merum,cum
2432 2310 2609 2366 minis
2633 2315 2757 2366 tum
2791 2311 3098 2383 promissis
3129 2313 3413 2385 compulit
3435 2318 3501 2370 ut
3520 2314 3675 2371 dice-

2017 2407 2180 2460 rent:
2213 2403 2340 2458 Non
2371 2401 2524 2456 ultra
2572 2417 2705 2456 cum
2765 2399 3082 2456 Athanasio
3137 2403 3669 2460 communicamus.

2018 2492 2154 2548 lllos
2183 2492 2340 2547 enim
2367 2491 2467 2564 qui
2497 2505 2559 2546 se
2589 2490 2849 2560 adibant,
2882 2506 2998 2545 non
3030 2493 3164 2545 ante
3194 2491 3265 2545 ad
3293 2496 3671 2563 conspectum

2017 2581 2365 2637 admittebat
2397 2595 2596 2646 suum,
2627 2595 2814 2650 neque
2873 2579 3181 2635 remissius
3233 2581 3538 2649 tractabat,
3578 2579 3671 2638 vel

2021 2671 2194 2726 domo
2226 2668 2422 2741 egredi
2455 2669 2704 2736 sinebat,
2736 2683 2916 2739 quam
2944 2667 3034 2722 vel
3086 2667 3541 2738 subscriberent,
3575 2668 3667 2726 vel

2020 2760 2343 2815 abnuentes
2375 2756 2730 2830 pellerentur
2760 2756 2820 2811 in
2851 2755 3144 2812 exsilium.
3179 2757 3240 2812 Id
3295 2762 3489 2814 autem
3536 2774 3672 2832 age-

2021 2849 2139 2918 bat,
2172 2848 2328 2920 quod
2356 2847 2534 2919 probe
2565 2850 2764 2902 nosset
2792 2845 3042 2902 invisam
3075 2845 3348 2902 omnibus
3399 2847 3673 2904 haeresim

2021 2953 2184 2993 esse:
2210 2952 2393 3008 eaque
2416 2935 2668 2991 maxime
2699 2935 2769 2990 de
2798 2950 2977 2990 causa
3007 2938 3127 2990 tam
3152 2934 3371 2991 multos
3397 2935 3451 2990 vi
3479 2935 3676 3008 adegit

2020 3032 2085 3082 ut
2116 3025 2318 3098 paucis
2349 3027 2894 3081 annumerarenlur.
2954 3023 3221 3094 Curaque
3253 3023 3335 3078 illi
3393 3024 3521 3095 fuit,
3552 3023 3671 3080 vim

2021 3117 2329 3173 nominum
2361 3132 2480 3171 una
2509 3131 2712 3187 cogere
2768 3131 2903 3169 cum
2935 3117 3000 3169 ut
3057 3113 3338 3170 invidiam
3398 3114 3672 3186 episcopo

2023 3207 2319 3269 confieret,
2342 3209 2470 3259 tum
2494 3209 2559 3259 ut
2587 3204 2812 3259 Arianaa
2833 3202 3062 3270 haeresi,
3093 3203 3183 3257 cui
3220 3201 3316 3258 ille
3345 3203 3677 3275 patrocina-

2024 3301 2140 3361 tur,
2173 3294 2432 3366 aliquam
2465 3293 2696 3349 aﬂ‘erret
2721 3292 3022 3365 dignitatis
3054 3287 3349 3364 speciem';
3413 3296 3576 3349 ratus
3615 3307 3680 3351 se

2023 3385 2320 3440 veritatem
2334 3382 2594 3455 ,perinde
2613 3385 2787 3453 atque
2807 3380 3096 3446 homines,
3118 3380 3451 3437 subvertere
3481 3397 3675 3453 posse.

2024 3475 2339 3548 Ignorabat
2369 3471 2608 3538 scilicet,
2642 3485 2832 3542 neque
2862 3468 3100 3541 legerat,
3159 3469 3510 3526 Sadducaeos
3564 3470 3676 3526 He-

2026 3566 2439 3634 rodianosque,
2473 3559 2704 3617 etiamsi
2759 3558 2872 3614 sibi
2932 3558 3257 3614 Pharismos
3308 3559 3677 3628 ascivissent,

2025 3653 2326 3711 veritatem
2350 3655 2548 3707 tamen
2571 3637 2873 3705 oﬂ‘undere
2887 3647 3226 3719 nequivisse
3246 3667 3258 3708 :
3282 3647 3402 3705 imo
3420 3648 3558 3705 hinc
3577 3647 3682 3706 illa

2028 3743 2175 3800 287
2229 3742 2290 3796 in
2322 3741 2446 3796 dies
2476 3738 2691 3794 clarius
2721 3737 2928 3792 elucet.
2963 3735 3050 3792 llli
3079 3752 3216 3794 vero
3246 3737 3355 3794 etsi
3387 3736 3678 3795 clament:

2027 3834 2145 3889 Non
2201 3831 2458 3886 habemus
2514 3843 2698 3897 regem
2751 3828 2866 3882 nisi
2919 3825 3190 3883 Caesarem
3205 3826 3246 3898 ²,
3280 3842 3345 3882 ac
3375 3825 3542 3882 Pilati
3581 3827 3680 3882 de-

2028 3926 2256 3978 cretum
2287 3917 2679 3990 impetrarint,
2712 3914 3096 3970 nihilominus
3128 3914 3346 3971 deserti
3399 3919 3559 3984 sunt,
3584 3931 3680 3971 ex-

2030 4012 2410 4084 spectantque
2431 4023 2493 4063 se
2515 4021 2648 4061 cum
2670 4004 2828 4063 omni
2844 4002 3419 4076 turpitudine,instar
3431 4004 3682 4077 perdicis

2029 4101 2189 4157 illius
2207 4100 2248 4167 3,
2281 4101 2514 4153 tantum
2548 4110 2664 4150 non
2722 4094 2973 4149 nudatos
3027 4093 3169 4163 fore,
3229 4093 3330 4149 ubi
3368 4097 3683 4166 patronum

2031 4205 2206 4246 suum
2237 4189 2422 4244 morte
2450 4183 2751 4240 sublatum
2781 4181 3054 4238 viderint.

2101 4369 2189 4425 33.
2225 4365 2386 4433 Quod
2419 4364 2467 4419 si
2523 4361 2864 4417 indecorum
2924 4359 3165 4416 omniuo
3223 4359 3414 4428 fuerit,
3455 4359 3680 4431 episco-

2029 4477 2135 4535 pos
2151 4456 2436 4530 quosdam
2455 4452 2670 4508 horum
2688 4448 2999 4506 formidine
3011 4447 3362 4505 sententiam
3384 4452 3678 4517 mutasse;

262 4533 363 4590 λον
397 4535 815 4612 ἀπρεπέστερον,
859 4539 950 4593 καὶ
1002 4538 1063 4593 οὐ
1113 4538 1453 4615 θαρρούντων
1509 4544 1593 4606 οἷς
1630 4546 1907 4602 πεπιστεύ-

2027 4533 2214 4608 multo
2243 4561 2384 4602 sane
2414 4540 2808 4604 indecentius,
2841 4538 3266 4610 hominumque
3295 4553 3414 4594 suae
3445 4541 3682 4595 senten-

256 4642 390 4679 κασι
440 4625 574 4698 (28),
631 4625 694 4678 τὸ
757 4625 1066 4702 βιάζεσθαι,
1117 4628 1209 4682 καὶ
1269 4628 1587 4704 ἀναγκάζειν
1643 4631 1776 4696 τοὺς
1839 4635 1915 4708 μή

265 4713 664 4789 βουκομένους.
697 4713 881 4778 Οὕτως
914 4717 943 4770 ὁ
980 4717 1074 4790 μὲν
1119 4711 1379 4781 διάϐολος
1410 4717 1525 4775 ἐπεὶ
1576 4719 1744 4794 μηδὲν
1779 4721 1918 4794 ἀλη-

338 4821 362 4856 ²
387 4821 556 4878 Joan.
589 4839 707 4889 nx,
739 4823 830 4878 25.
863 4823 886 4859 ³
913 4824 1273 4896 Jerem.xvn,
1308 4828 1394 4883 ll.

481 4927 580 5012 ξ.ἰο
611 4931 752 5012 Reg.
788 4932 855 5012 In
881 4932 1054 4989 editis
1082 4951 1216 5012 vero
1246 4933 1544 5012 θαυμαστοί
1568 4937 1749 5012 deest.

339 4927 453 5070 (22)
485 4927 580 5011 Sic
611 4931 752 5013 Reg.
788 4932 849 4988 ln
881 4932 1054 4989 editis
1082 4951 1215 4990 vero
1246 4933 1544 5006 θαυμαστοί
1568 4937 1749 4994 deest.

339 4999 432 5086 (2?
479 5002 755 5086 Sig-editi
806 5009 1057 5086 et_ms_s.
1109 5007 1225 5086 Sed
1271 5007 1537 5086 N_anniu_s
1589 5010 1728 5083 legit
1783 5011 1923 5086 γνώ-

272 5071 423 5163 μαλε)
437 5071 1073 5163 vertitqu‘el‘seateri‘tia,
1103 5082 1161 5133 et
1190 5079 1276 5163 ita
1302 5078 1636 5163 legendum:

261 5142 713 5274 et
743 5146 921 5203 Basil.
951 5142 1179 5202 ’ὲοΑεπεν
1226 5142 1442 5211 αὺτούς.
1502 5153 1724 5208 Ibidem
1757 5155 1924 5229 Reg.,

340 5284 452 5356 (25)
485 5284 626 5359 Reg.
659 5285 832 5344 ita.In
865 5289 1036 5347 editis
1063 5286 1101 5359 ἥ
1135 5293 1317 5350 deest.

338 5354 456 5454 (29>.
479 5356 1016 5454 133%:_’f83ij‘€??3‘-
1046 5364 1222 5454 Eﬁiti»
1246 5361 1595 5454 ,προΐστπτρε
1737 5441 1748 5453 .

342 5427 1340 5528 Ηίξιὲἱείὶιὲίιεξχρξέτάσηςζδίδ
1366 5441 1659 5528 repetis:
1699 5441 1928 5528 ιξςιθιυν

257 5511 721 5580 supervacanea.
757 5503 924 5587 Forte
953 5506 1064 5581 leg.
1125 5503 1258 5594 μετὰ
1307 5503 1505 5594 πάσης.
1562 5503 1785 5569 Alludit
1823 5530 1925 5570 au-

259 5574 390 5643 tem
421 5568 516 5643 hic
542 5573 900 5634 Athanasius
922 5581 994 5636 ad
1018 5581 1309 5643 perdxcem
1340 5581 1508 5638 illum
1529 5583 1600 5641 de
1626 5601 1742 5643 auo
1768 5586 1924 5643 apud

260 5595 390 5626 ιοω
421 5595 516 5654 μευ
542 5595 900 5634 ηιηαηωειυε
922 5595 994 5636 aa
1018 5595 1309 5654 peraicem
1340 5595 1508 5638 mum
1529 5595 1600 5641 de
1626 5601 1742 5678 quo
1768 5595 1924 5657 apud

258 5641 608 5719 Jeremlam,
641 5662 692 5705 c.
750 5665 887 5725 xvu,
951 5651 1038 5722 11,
1097 5651 1221 5710 Ι]ωο
1277 5653 1594 5731 leguntur;
1662 5655 1927 5743 Εφώνησε

2031 4642 2125 4698 tiae
2157 4633 2551 4695 diffidentiam
2613 4633 2721 4698 est,
2779 4628 2896 4684 vim
2949 4627 3183 4698 inferre,
3244 4645 3309 4684 ao
3337 4627 3553 4684 invitos
3584 4643 3681 4684 co-

2029 4745 2184 4803 gere.
2215 4726 2310 4782 Sio
2340 4719 2612 4780 diabolus
2665 4733 2801 4774 cum
2834 4717 2983 4773 nihil
3032 4717 3152 4775 veri
3211 4716 3446 4786 habeat,
3478 4717 3538 4772 in
3598 4731 3685 4772 se-

2031 4937 2245 5016 πέρδιξ,
2296 4938 2597 5011 συνήγαγεν
2632 4933 2664 4988 ἅ
2721 4932 2820 4988 οὐκ
2875 4929 3045 5016 ξτεκε,
3102 4934 3299 5016 πειῶνυ
3319 4927 3559 5016 πλοξὸτον
3586 4926 3679 5016 αὖ·

2028 4999 2124 5069 τού
2159 4999 2389 5077 οϐ’μετα
2415 4999 2666 5077 κρίσεως.
2729 5007 2812 5058 Ἐν
2871 4999 3060 5077 μίσει
3119 5006 3362 5077 ἡμερῶνΔ
3395 5001 3558 5077 animi?
3589 4999 3682 5075 ἐγ-

2029 5060 2462 5155 καταλείί,Ῑ.›ουσι-.ο1
2528 5077 2804 5141 αὺτὸν,καὶ
2872 5060 2954 5130 ἐπ’
3011 5060 3253 5150 ἐσχάτων
3313 5073 3474 5127 αὸτοῦ
3530 5060 3680 5127 ἓσται

2034 5158 2216 5232 ἂφρων
2253 5150 2522 5232 Clamaait
2549 5150 2767 5232 perdis,
2800 5152 3148 5232 congregavit
3191 5161 3329 5232 ‘qufte
3384 5163 3495 5232 non
3520 5160 3681 5232 pepef

2034 5213 2127 5295 rit',
2158 5242 2361 5300 parans
2411 5223 2520 5300 sibi
2549 5213 2796 5276 'divitias
2852 5213 3052 5300 alisque
3091 5213 3352 5300 judicia.
3392 5218 3458 5272 In
3503 5213 3682 5300 ᾑιέάίρ

2033 5289 2249 5357 άίένὶιιη
2277 5299 2393 5369 eius
2419 5295 2668 5369 deserent
2697 5301 2931 5369 eum,_ez_
2956 5289 3015 5346 in
3070 5289 3377 5369 novissimis
3434 5289 3548 5369 sitis
3576 5290 3684 5369 er.“

2034 5357 2324 5443 insipiens.
2356 5366 2719 5443 Deserendos
2741 5357 3104 5443 ait'Ariano-s,
3126 5362 3317 5443 instar
3333 5357 3681 5443 perdicisuil-

2031 5429 2170 5511 lius',
2195 5444 2326 5514 post
2349 5438 2583 5514 obitum
2613 5435 2938 5492 Constantii
2967 5435 3061 5490 sui
3092 5429 3352 5508 patroni.—
3400 5431 3542 5505 Reg.
3574 5429 3678 5504 ibi,

2033 5507 2214 5581 male;
2239 5507 2518 5586 πέρδικαν.

2105 5580 2217 5662 ('28)
2249 5580 2420 5642 Forte
2447 5580 2799 5654 πεποιήκασι.
