4132 6382
459 267 572 328 731

1000 262 1068 326 S.
1110 259 1542 324 ATHANASII
1586 258 1761 321 OPP.
1808 257 2011 320 PARS
2054 255 2105 318 Ι.
2137 287 2209 304 -
2245 255 2666 319 HISTORICA
2711 255 2812 318 ET
2854 253 3338 320 DOGMATIGA.

3763 252 3888 316 732

459 400 582 457 curi
615 403 670 456 et
699 397 860 455 ascia
887 397 1119 454 irruens
1147 395 1462 468 confringit
1515 399 1714 466 portas
1769 408 1972 449 eorum
2013 391 2113 464 qui

2228 390 2315 452 θὲς
2346 384 2482 464 ἔχει,
2531 388 2581 444 ἐν
2615 387 2832 444 πελέκει
2879 388 2970 444 καὶ
3020 387 3363 463 λαξευτηρίῳ
3416 382 3710 445 ἐπιϐαίνων
3761 407 3890 442 κατ-

453 508 516 547 se
548 489 897 562 recipiunt‘.
953 486 1214 543 Salvator
1272 491 1468 541 autem
1521 501 1588 540 ea
1641 487 1732 539 est
1772 486 2116 538 mansuetu-

451 579 606 650 dine,
633 584 698 634 ut
729 578 824 634 his
854 577 1047 633 verbis
1079 577 1284 631 doceat
1312 574 1550 647 quidem
1577 589 1589 628 :
1624 572 1683 627 Si
1712 572 1833 644 quis
1854 572 1971 626 vult
1993 573 2118 642 post

450 686 538 726 me
574 668 826 737 venire‘,
883 672 959 735 et,
1021 666 1125 734 Qui
1179 667 1296 720 vult
1347 681 1503 719 meus
1558 678 1672 718 esse
1727 660 2116 732 discipulus“;

453 759 557 816 sed
588 758 688 813 ubi
721 757 1061 829 quempiam
1086 755 1316 824 adierit,
1349 752 1570 808 nullam
1605 751 1819 807 inferat
1838 750 1982 818 vim,
2014 749 2116 805 sed

451 849 648 921 potius
679 846 969 920 pulsando
1001 844 1122 900 haec
1171 837 1484 914 loquatur:
1547 841 1712 913 Aperi
1769 841 1930 907 mihi,
1964 854 2118 894 soror

450 954 574 994 mea
601 936 861 1010 sponsa".
922 936 1089 990 Tunc
1142 933 1192 988 si
1256 931 1544 1003 aperiant,
1604 929 1976 1002 ingreditur:
2022 928 2117 982 sin

452 1025 754 1100 negligant
785 1025 1186 1095 abnuantque,
1221 1020 1458 1077 secedit.
1517 1019 1644 1075 Non
1704 1019 1860 1075 enim
1899 1017 2114 1090 gladiis

453 1120 556 1174 aut
582 1115 736 1184 telis,
771 1131 891 1170 non
928 1111 1183 1168 militum
1236 1127 1417 1165 manu
1473 1108 1685 1164 veritas
1746 1107 2114 1185 praedicatur,

450 1207 558 1264 sed
580 1205 855 1261 suasione
876 1207 933 1258 et
961 1200 1234 1257 consilio.
1259 1200 1536 1264 Quaenam
1563 1203 1764 1254 autem
1791 1197 1870 1252 ibi
1895 1195 2116 1262 suasio,

449 1296 550 1352 ubi
582 1291 953 1368 imperatoris
983 1291 1234 1347 formido
1255 1289 1283 1344 ?
1311 1293 1432 1344 Aut
1453 1289 1751 1361 quodnam
1777 1284 2113 1353 consilium,

449 1384 550 1440 ubi
574 1383 676 1456 qui
705 1383 934 1451 abnuit,
966 1379 1170 1437 exsilio
1196 1379 1437 1435 tandem
1461 1377 1551 1433 vel
1578 1380 1766 1433 morte
1790 1374 2117 1431 multatur?

448 1473 630 1530 David
664 1478 819 1529 certe
851 1487 950 1528 rex
980 1469 1252 1543 quamvis
1281 1472 1456 1538 esset,
1519 1483 1654 1522 cum
1711 1465 1939 1521 hostem
1998 1481 2115 1537 praa

452 1563 733 1619 manibus
767 1561 1026 1627 haberet,
1062 1559 1283 1614 milites
1340 1557 1468 1628 ejus
1525 1553 1912 1610 interﬁciendi
1952 1554 2116 1626 cupi-

449 1653 577 1720 dos,
610 1667 988 1722 nequaquam
1020 1648 1285 1720 potentia
1343 1663 1456 1702 sua
1512 1644 1711 1713 vetuit,
1774 1645 1896 1712 sed,
1943 1647 2006 1699 ut
2034 1643 2118 1698 ait

449 1741 753 1812 Scriptura
774 1740 816 1810 ⁸,
848 1739 989 1794 viris
1022 1737 1147 1794 suis
1178 1736 1358 1792 David
1415 1735 1591 1791 verbo
1637 1733 1953 1807 persuasit,
2012 1748 2111 1788 ne-

453 1846 566 1903 que
598 1828 794 1885 Saulis
826 1826 1220 1886 obtruncandi
1253 1823 1594 1880 facultatem
1627 1823 1811 1879 dedit.
1842 1821 1946 1878 Hic
1977 1838 2110 1878 vero

451 1919 614 1975 nulla
643 1919 866 1974 ratione
892 1916 1190 1990 praeditus,
1226 1917 1627 1987 potestateque
1660 1929 1804 1969 usus
1834 1911 2111 1968 omnibus

450 2009 568 2063 vim
600 2007 805 2062 infert:
843 2010 906 2061 ut
930 2005 1077 2061 nulli
1109 2021 1224 2060 non
1255 2002 1452 2075 palam
1475 2001 1574 2069 sit,
1601 2000 1836 2058 illorum
1860 2001 2114 2073 pruden-

452 2097 618 2164 tiam,
651 2112 764 2151 non
798 2095 1121 2152 secundum
1174 2093 1383 2161 Deum,
1433 2091 1535 2147 sed
1593 2089 1916 2145 humanam
1957 2105 2107 2158 esse,

451 2186 684 2257 Ariique
715 2188 1030 2240 sectatores
1061 2198 1265 2254 reapse
1322 2197 1438 2236 non
1497 2179 1710 2235 habere
1765 2195 1962 2251 regem
1995 2178 2110 2234 nisi

451 2273 762 2330 Caesarem.
803 2275 944 2344 Ejus
974 2272 1134 2327 enim
1166 2269 1510 2326 auctoritate
1569 2267 1699 2323 freti
1759 2267 1978 2323 Christi
2008 2268 2109 2323 ad-

450 2363 691 2420 versarii
726 2379 853 2434 quae
883 2361 1116 2434 placent
1175 2358 1374 2415 omnia
1432 2357 1718 2412 arbitratu
1778 2373 1886 2412 suo
1935 2357 2110 2428 perﬁ-

451 2453 633 2509 ciunt.
671 2453 843 2508 Porro
875 2468 1010 2508 cum
1042 2466 1170 2506 sese
1201 2452 1411 2521 putant
1441 2446 1712 2519 plurimis
1768 2447 1897 2518 ejus
1937 2463 2113 2518 opera

451 2542 700 2598 insidias
728 2558 953 2614 parare,
986 2557 1101 2595 non
1134 2539 1444 2594 advertunt
1475 2552 1615 2593 sane
1646 2553 1708 2591 se
1739 2535 1958 2592 multos
1985 2536 2112 2591 efﬁ-

454 2648 583 2688 cere
613 2631 996 2687 confessores.
1023 2629 1064 2684 E
1099 2644 1349 2700 quorum
1383 2641 1629 2682 numero
1681 2629 1820 2680 sunt
1871 2625 1977 2680 viri
2010 2626 2111 2698 qui

449 2721 575 2792 jam
608 2719 826 2775 claram
860 2718 1092 2774 edidere
1117 2717 1568 2785 confessionem,
1603 2715 1834 2786 ipsique
1856 2713 2113 2786 religiosi

460 2826 525 2865 ac
554 2808 721 2881 probi
751 2807 1030 2879 episcopi,
1063 2805 1346 2861 Paulinus
1375 2804 1746 2859 Trevirorum
1771 2803 1968 2859 Galliae
1991 2819 2112 2859 me-

459 2897 704 2970 tropolis
763 2897 1094 2968 episcopus,
1156 2894 1387 2951 Lucifer
1446 2893 1782 2965 metropolis
1834 2891 2113 2948 Sardiniae

464 2988 797 3061 episcopus,
866 2983 1152 3040 Eusebius
1207 2982 1606 3039 Vercellorum
1685 2981 1863 3037 Italiae
1927 2983 2114 3052 urbis,

459 3077 775 3150 Dionysius
802 3073 1149 3143 Mediolani;
1183 3078 1273 3128 est
1301 3077 1497 3128 autem
1530 3077 1587 3128 et
1616 3071 1741 3144 ipsa
1776 3071 2114 3143 metropolis

2229 480 2399 534 εάσσει
2592 481 2688 541 τὰς
2737 477 2900 554 θύρας
2955 483 3062 534 τῶν
3115 477 3434 556 δεχομένων
3488 476 3671 536 αὐτόν.
3725 481 3781 531 '0
3832 474 3893 532 δὲ
3975 503 3980 507 ·

2229 569 2426 644 Σωτὴρ
2475 567 2649 630 οὕτως
2701 567 2812 623 ἐστὶ
2863 574 3062 643 πρᾶος,
3103 568 3177 631 ὡς
3234 564 3504 623 διδάσκειν
3556 567 3675 641 μὲν,
3707 562 3781 622 Ei'
3802 587 3892 629 τις

2225 655 2370 711 θέλει
2427 655 2602 711 ὀπίσω
2665 677 2768 730 μου
2827 653 3002 711 ἐλθεῖν
3087 657 3201 726 καὶ,
3255 659 3312 711 Ὁ
3369 656 3542 712 θέλων
3595 655 3731 710 εἶναί
3785 675 3891 728 μον

2231 748 2478 819 μαθητής
2515 764 2526 776 ·
2562 745 2862 822 ἐρχόμενον
2897 743 2955 800 δὲ
3003 747 3138 821 πρὸς
3182 743 3406 802 ἕκαστον
3462 748 3538 819 μὴ
3586 746 3891 822 βιάζεσθαι,

2227 833 2374 890 ἀλλὰ
2425 832 2638 908 μᾶλλον
2689 833 2902 910 κρούειν
2953 855 3011 890 τε
3064 834 3155 889 καὶ
3213 834 3422 910 λέγειν’
3473 833 3721 905 ’Ἄνοιξόν
3769 855 3891 907 μοι,

2227 921 2434 1003 ἀδελφή
2505 947 2607 997 μου
2659 923 2866 1002 νύμφη·
2923 924 3014 979 καὶ
3070 923 3401 999 ἀνοιγόντων
3465 923 3584 997 μὲν,
3641 922 3890 999 εἰσέρχε-

2222 1035 2332 1085 ται,
2368 1013 2668 1068 ὀκνούντων
2703 1010 2759 1067 δὲ
2787 1012 2876 1067 καὶ
2913 1013 2987 1086 μὴ
3038 1011 3312 1068 θελόντων
3367 1012 3611 1085 ἐκείνων,
3663 1012 3890 1087 ἀναχω-

2227 1108 2331 1178 ρεῖ.
2363 1102 2435 1157 Οὐ
2467 1104 2571 1179 γὰρ
2603 1101 2826 1179 ξίφεσιν,
2857 1101 2892 1170 ἢ
2931 1099 3169 1176 βέλεσιν,
3217 1098 3344 1156 οὐδὲ
3393 1098 3482 1155 διὰ
3533 1104 3889 1176 στρατιωτῶν

2225 1195 2259 1261 ἡ
2296 1191 2526 1262 ἀλήθεια
2573 1189 3029 1266 καταγγέλλεται,
3087 1189 3234 1245 ἀλλὰ
3279 1191 3462 1246 πειθοῖ
3507 1192 3599 1245 καὶ
3649 1184 3894 1264 συμϐου-

2226 1280 2339 1353 λίᾳ.
2374 1281 2514 1336 Ποία
2543 1278 2632 1334 οὖν
2665 1281 2856 1351 πειθὼ,
2907 1278 3030 1334 ἔνθα
3076 1277 3348 1356 βασιλέως
3401 1274 3572 1359 φόϐος
3607 1298 3622 1350 ;
3654 1280 3725 1338 Ἠ
3755 1280 3893 1335 ποία

2225 1365 2555 1444 συμϐουλία,
2592 1369 2642 1424 ἐν
2741 1371 2768 1424 ὁ
2820 1367 3118 1444 ἀντιλέγων
3167 1371 3230 1424 τὸ
3258 1367 3420 1431 τέλος
3449 1369 3737 1444 ἐξορισμὸν
3770 1365 3892 1446 ἔχει

2223 1461 2312 1515 καὶ
2360 1461 2584 1516 θάνατον
2619 1479 2632 1528 ;
2666 1460 2766 1515 Καὶ
2817 1460 2844 1514 ὁ
2888 1460 2980 1532 μὲν
3035 1454 3200 1514 Δαϐὶδ
3248 1459 3426 1515 καίτοι
3480 1455 3740 1536 βασιλεὺς
3787 1455 3888 1532 ὢν,

2222 1549 2313 1605 καὶ
2363 1551 2452 1605 τὸν
2509 1549 2699 1625 ἐχθρὸν
2745 1549 2848 1604 ὑπὸ
2879 1554 3069 1625 χεῖρας
3121 1548 3290 1625 ἔχων,
3339 1546 3599 1611 θέλοντάς
3649 1569 3712 1602 τε
3757 1547 3890 1610 τοὺς

2225 1640 2555 1713 στρατιώτας
2617 1640 2931 1693 ἀποκτεῖναι
2986 1639 3076 1693 τὸν
3139 1638 3366 1714 ἐχθρὸν,
3429 1637 3490 1693 οὐ
3549 1642 3619 1712 τῇ
3673 1635 3891 1709 ἐξουσίᾳ

2222 1727 2556 1799 κεκώλυκεν,
2606 1725 2750 1798 ἀλλ’,
2806 1727 2881 1789 ὡς
2929 1729 2964 1797 ἡ
3019 1730 3203 1804 Γραφή
3257 1748 3444 1805 φησιν,
3497 1723 3677 1782 ἔπεισε
3717 1721 3888 1782 Δαϐὶδ

2216 1817 2344 1880 τοὺς
2379 1815 2574 1893 ἄνδρας
2606 1816 2770 1871 αὐτοῦ
2804 1815 2854 1871 ἐν
2886 1814 3100 1891 λόγοις,
3145 1817 3235 1870 καὶ
3286 1815 3385 1870 οὐκ
3425 1810 3624 1870 ἔδωκεν
3674 1815 3886 1888 αὐτοῖς,

2221 1908 2544 1970 ἀναστάντας
2595 1909 2898 1960 θανατῶσαι
2925 1905 3017 1960 τὸν
3061 1902 3264 1962 Σαούλ.
3314 1904 3488 1968 Αὐτὸς
3539 1903 3598 1960 δὲ
3643 1906 3736 1960 τὸν
3786 1905 3886 1960 λό-

2219 2018 2315 2074 γον
2371 1996 2468 2052 οὐκ
2517 1994 2682 2072 ἔχων,
2739 1995 2851 2068 μετ’
2901 1993 3144 2065 ἐξουσίας
3193 1995 3397 2057 πάντας
3453 1994 3694 2070 βιάζεται
3741 2012 3754 2026 ⁶
3786 1992 3883 2050 ἵνα

2221 2084 2416 2164 δειχθῇ
2466 2091 2650 2155 πᾶσιν,
2700 2083 2782 2139 δτι
2831 2085 2866 2152 ἡ
2900 2082 3163 2162 φρόνησις
3213 2082 3387 2139 αὐτῶν
3437 2082 3537 2138 οὐκ
3584 2078 3695 2138 ἔστι
3747 2084 3888 2138 κατὰ

2221 2175 2370 2246 Θεὸν,
2397 2172 2523 2230 ἀλλ’
2557 2173 2894 2250 ἀνθρωπίνη,
2919 2172 3010 2227 καὶ
3061 2171 3144 2227 ὅτι
3175 2173 3227 2226 οἱ
3255 2174 3324 2226 τὰ
3374 2172 3592 2250 ’Δρείου
3623 2176 3887 2250 φρονοῦν-

2218 2286 2305 2326 τες
2337 2264 2437 2318 οὐκ
2467 2258 2685 2339 ἔχουσιν
2723 2261 2946 2332 ἀληθῶς
3003 2259 3248 2336 βασιλέα,
3280 2261 3328 2316 εἰ
3381 2262 3457 2336 μὴ
3491 2261 3734 2338 Καίσαρα
3767 2281 3779 2294 ·
3816 2259 3889 2317 δι’

2220 2354 2384 2408 αὐτοῦ
2442 2353 2546 2428 γὰρ
2602 2353 2778 2407 πάντα
2836 2351 2929 2426 μὲν
3001 2349 3200 2426 ὅσαπερ
3436 2350 3733 2426 βούλονται
3789 2351 3882 2405 καὶ

2219 2443 2543 2517 πράττουσιν
2596 2442 2649 2495 οἱ
2698 2440 3082 2516 Χριστομάχοι
3117 2485 3130 2498 .
3185 2438 3442 2510 Δόξαντες
3487 2436 3546 2495 δὲ
3597 2437 3665 2495 δι’
3714 2439 3881 2495 αὐτοῦ

2219 2529 2457 2594 πολλοῖς
2490 2526 2886 2604 ἐπιϐουλεύειν,
2919 2529 3198 2605 ἠγνόησαν
3250 2527 3502 2592 πολλοὺς
3555 2532 3882 2601 ποιήσαντες

2222 2619 2578 2696 ὁμολογητάς
2631 2620 2925 2694 γενέσθαι,
2973 2617 3024 2690 ἐξ
3076 2620 3150 2673 ὧν
3203 2618 3336 2674 εἰσιν
3388 2620 3440 2673 οἱ
3497 2623 3587 2674 νῦν
3652 2617 3886 2694 λαμπρᾷ

2221 2711 2567 2786 χρησάμενοι
2610 2715 2679 2784 τῇ
2734 2706 3038 2783 ὁμολογίᾳ,
3083 2705 3272 2785 ἄνδρες
3329 2703 3599 2779 εὐλαϐεῖς,
3631 2709 3722 2763 καὶ
3769 2706 3887 2763 ἐπί-

2224 2820 2418 2854 σκοποι
2451 2799 2665 2874 ἀγαθοὶ,
2699 2796 2977 2860 Παυλῖνος
3010 2798 3038 2852 ὁ
3071 2797 3174 2852 ἀπὸ
3224 2791 3498 2874 Γριϐέρων
3533 2803 3637 2866 τῆς
3671 2817 3886 2871 μητρο-

2225 2887 2442 2951 πόλεως
2473 2892 2582 2943 τῶν
2616 2885 2867 2942 Γαλλιῶν
2900 2886 3216 2958 ἐπίσκοπος,
3248 2886 3335 2940 καὶ
3385 2885 3659 2963 Λουκίφερ
3707 2887 3737 2940 ὁ
3773 2886 3886 2940 ἀπὸ

2228 2975 2628 3056 μητροπόλεως
2677 2985 2779 3047 τῆς
2833 2974 3122 3053 Σαρδινίας
3173 2974 3487 3043 ἐπίσκοπος,
3529 2970 3791 3038 Εὐσέϐιός
3820 2996 3885 3031 τι

2229 3069 2388 3124 ὂάπὸ
2440 3064 2756 3141 Βερκέλλων
2791 3068 2903 3140 (31)
2941 3073 3043 3136 τῆς
3097 3063 3354 3135 Ἰταλίας,
3400 3065 3491 3119 καὶ
3539 3062 3818 3126 Διονῦσιος
3853 3065 3888 3120 ὸ

461 3148 660 3223 Italiae.
692 3165 907 3221 Accitis
934 3164 1091 3220 enim
1151 3162 1269 3218 illis
1327 3161 1600 3233 praecepit
1654 3161 1993 3234 imperator,
2050 3165 2116 3216 ut

2228 3159 2331 3213 ἀπὸ
2381 3155 2766 3214 Μεδιολάνων·
2827 3151 2937 3210 ἔστι
2969 3153 3026 3212 δέ
3072 3156 3162 3210 καὶ
3212 3153 3348 3225 αὕτη
3403 3151 3748 3230 μητρόπολις
3779 3161 3886 3224 τῆς

461 3261 664 3313 contra
691 3253 1080 3310 Athanasium
1123 3251 1582 3321 subscriberent,
1643 3266 1709 3306 ac
1765 3265 1900 3304 cum
1932 3250 2113 3306 haere-

461 3346 594 3402 ticis
625 3343 1148 3401 communicarent.
1181 3341 1403 3406 Quibus
1426 3339 1508 3395 rei
1532 3337 1844 3395 insolentia
1873 3343 2114 3412 stupen-

460 3434 618 3491 tibus
643 3451 710 3490 ac
769 3432 1121 3499 dicentibus,
1154 3431 1211 3486 id
1269 3427 1647 3485 ecclesiastici
1707 3445 1821 3485 non
1867 3444 1993 3484 esse
2020 3444 2115 3483 ca-

460 3525 672 3594 nonis;
743 3522 944 3579 statim
1011 3520 1129 3592 ille,
1196 3524 1270 3573 At
1335 3519 1490 3591 quod
1548 3535 1652 3590 ego
1718 3517 1870 3588 volo,
1920 3517 1978 3572 id
2012 3534 2116 3589 pro

461 3629 702 3685 canone,
770 3611 984 3684 inquit,
1053 3609 1376 3666 habeatur:
1448 3625 1547 3663 me
1613 3607 1830 3679 quippe
1885 3606 1966 3662 ita
2030 3606 2115 3662 lo-

463 3707 743 3776 quentem
768 3701 894 3773 Syri
916 3700 1173 3773 episcopi
1193 3698 1464 3754 tolerant.
1512 3701 1632 3751 Aut
1685 3697 1864 3769 igitur
1893 3697 2116 3752 obtem-

462 3796 678 3865 perate,
704 3797 805 3847 aut
831 3807 934 3846 vos
956 3805 1189 3862 quoque
1219 3792 1477 3844 extorres
1507 3786 1688 3842 futuri
1718 3786 1879 3843 estis.

535 4087 624 4140 34.
655 4083 755 4138 His
787 4077 1002 4136 auditis
1032 4073 1292 4149 episcopi
1322 4089 1564 4145 remque
1595 4089 1969 4144 summopere
2001 4071 2117 4127 mi—

463 4169 905 4242 rati,manibus
972 4167 1044 4221 ad
1110 4164 1293 4220 Deum
1364 4162 1571 4230 tensis,
1639 4161 1988 4234 compellare
2032 4161 2116 4216 vi-

462 4260 948 4329 rumdocereque
1015 4271 1130 4310 non
1196 4269 1372 4309 suum
1438 4267 1567 4308 esse
1623 4251 1961 4323 imperium,
2015 4250 2114 4307 sed

465 4354 564 4411 Dei
595 4351 694 4425 qui
757 4345 1127 4405 tradidisset:
1191 4359 1396 4416 rogare
1462 4346 1529 4396 ut
1585 4357 1721 4397 eum
1753 4340 2005 4410 timeret,
2049 4356 2121 4396 ne

464 4445 774 4515 derepente
839 4438 1043 4494 datum
1109 4432 1430 4489 adimeret:
1493 4430 1862 4486 intcrminari
1908 4427 2120 4499 judicii

2223 3245 2458 3309 Ἰταλίας
2492 3292 2504 3303 .
2567 3245 2801 3308 Τούτους
2858 3247 2963 3322 γὰρ
3028 3243 3285 3320 βασιλεὺς
3341 3243 3577 3306 καλέσας
3635 3241 3889 3298 ἐκέλευσε

2221 3338 2357 3392 κατά
2389 3335 2704 3393 Ἀθανασίου
2759 3336 2851 3407 μὲν
2906 3335 3260 3414 ὑπογράφειν,
3311 3338 3432 3396 τοῖς
3481 3331 3540 3389 δὲ
3587 3334 3886 3407 αἱρετικοῖς

2223 3430 2524 3482 κοινωνεῖν.
2557 3423 2689 3478 Εἶτα
2738 3423 2954 3479 ἐκείνων
3007 3422 3393 3497 θαυμαζόντων
3442 3423 3506 3477 τὸ
3545 3421 3730 3476 καινὸν
3764 3419 3886 3476 ἐπι-

2222 3511 2471 3588 τήδευμα
2498 3517 2682 3582 τοῦτο,
2730 3513 2820 3568 καὶ
2866 3511 3140 3588 λεγόντων
3178 3513 3252 3585 μή
3289 3511 3421 3567 εἶναι
3451 3515 3643 3567 τοῦτον
3679 3508 3884 3582 ἐκκλη-

2225 3605 2494 3658 σιαστικὸν
2526 3602 2745 3674 κανόνα,
2798 3602 2950 3665 εὐθὺς
3003 3601 3228 3674 ἐκεῖνος,
3264 3599 3421 3656 Ἀλλ’
3451 3599 3582 3676 ὅπερ
3615 3599 3726 3676 ἐγὼ
3762 3599 3894 3675 βού-

2225 3690 2419 3765 λομαι,
2449 3696 2637 3762 τοῦτο,
2662 3692 2860 3763 κανὼν,
2895 3689 3071 3766 ἔλεγε,
3105 3691 3429 3765 νομιζέσθω·
3465 3689 3608 3744 οὕτω
3639 3690 3744 3766 γάρ
3781 3710 3890 3762 μου

2227 3780 2486 3857 λέγοντος
2517 3781 2804 3856 ἀνέχονται
2835 3782 2888 3836 οἱ
2916 3787 3018 3850 τῆς
3070 3779 3270 3853 Συρίας
3326 3778 3618 3854 λεγόμενοι
3659 3777 3890 3833 ἐπίσκο-

2224 3893 2339 3926 ποι.
2375 3873 2443 3925 Ἢ
2467 3872 2648 3926 τοίνυν
2683 3869 2960 3941 πείσθητε,
2991 3871 3027 3940 ἢ
3056 3870 3146 3925 καὶ
3201 3870 3356 3942 ὑμεῖς
3407 3868 3687 3945 ὑπερόριοι
3719 3869 3891 3945 γενή-

2226 3963 2396 4017 σεσθε.

2295 4071 2385 4126 34.
2417 4071 2594 4122 Ταῦτα
2641 4065 2962 4128 ἀκούσαντες
3011 4065 3063 4120 o't
3121 4064 3432 4138 ἐπίσκοποι,
3464 4066 3604 4120 πάνυ
3651 4084 3717 4140 γε
3758 4065 3895 4120 θαυ-

2231 4155 2609 4231 μάσαντες,καὶ
2657 4156 2752 4218 τὰς
2798 4160 2989 4231 χεῖρας
3040 4153 3410 4216 ἀνατείναντες
3440 4153 3578 4227 πρὸς
3606 4153 3699 4208 τὸν
3732 4154 3892 4226 Θεὸν,

2226 4243 2416 4319 πολλῇ
2449 4249 2516 4318 τῇ
2545 4245 2662 4299 κατ’
2694 4243 2858 4299 αὐτοῦ
2887 4243 3166 4320 παρρησίᾳ
3200 4245 3335 4318 μετά
3382 4242 3564 4319 λόγων
3612 4241 3893 4318 ἐχρήσαν-

2227 4356 2312 4406 το,
2345 4332 2686 4395 διδάσκοντες
2722 4335 2797 4407 μὴ
2834 4333 2970 4387 εἶναι
3017 4333 3116 4402 τὴν
3173 4329 3451 4407 βασιλείαν
3500 4330 3688 4403 αὐτοῦ,
3742 4328 3899 4386 ἀλλὰ

2226 4428 2322 4478 105
2351 4421 2650 4485 δεδωκότος
2683 4426 2839 4491 Θεοῦ,
2890 4422 2947 4476 ὃν
2995 4421 3086 4477 καὶ
3137 4415 3420 4498 φοϐεῖσθαι
3471 4420 3627 4476 αὐτὸν
3675 4419 3894 4490 ἠξίουν,

465 4508 643 4603 diem,
675 4529 1038 4597 suadereque
1104 4540 1175 4579 ne
1241 4521 1672 4598 ecclesiasticas
1731 4535 1822 4574 res
1867 4535 2116 4591 pessun-

2235 4515 2308 4588 μὴ
2344 4512 2596 4590 ἐξαίφνης
2633 4512 2798 4581 αὐτὴν
2833 4509 3120 4589 ἀφέληται’
3156 4508 3423 4580 ἠπείλουν
3454 4531 3515 4566 τε
3540 4511 3641 4579 τήν
3674 4510 3894 4586 ἡμέραν

465 4623 650 4688 daret,
680 4635 793 4674 neu
824 4617 1155 4671 Romanum
1210 4609 1525 4684 imperium
1587 4625 1722 4663 cum
1771 4607 2122 4663 ecclesiasti-

467 4711 551 4767 cis
607 4708 845 4766 statutis
903 4703 1329 4771 commisceret,
1387 4698 1474 4754 vel
1529 4698 1809 4753 Arianam
1853 4696 2122 4752 haeresim

465 4798 861 4854 introduceret
889 4795 950 4850 in
980 4790 1303 4848 Ecclesiam
1334 4788 1456 4844 Dei.
1519 4787 1736 4842 Verum
1793 4784 1891 4842 ille
1938 4802 2125 4858 neque

469 4889 709 4957 audivit,
743 4903 849 4942 nec
880 4900 980 4940 eos
1038 4881 1208 4954 plura
1265 4879 1460 4935 dicere
1517 4876 1823 4950 permisit;
1884 4875 2027 4948 quin
2068 4879 2126 4931 et

469 4980 661 5038 acrius
691 4975 956 5032 districto
1013 4972 1323 5027 adversum
1380 4967 1513 5024 illos
1569 4967 1765 5040 gladio
1806 4965 2125 5023 commina-

2230 4611 2332 4673 τῆς
2362 4602 2616 4679 κρίσεως,
2666 4601 2755 4656 καὶ
2807 4595 3196 4656 συνεϐούλευον
3248 4599 3395 4672 αὐτῷ
3450 4600 3525 4673 μὴ
3561 4596 3897 4677 διαφθείρειν

2230 4694 2298 4749 τὰ
2346 4689 2789 4764 ἐκκλησιαστικὰ,
2845 4687 2985 4764 μηδὲ
3033 4689 3452 4765 ἐγκαταμίσγειν
3500 4690 3601 4759 τήν
3662 4694 3903 4762 Ῥωμαϊ-

2233 4784 2334 4853 κήν
2367 4783 2546 4857 ἀρχὴν
2576 4785 2644 4855 τῇ
2676 4788 2777 4850 τῆς
2811 4777 3138 4850 Ἐκκλησίας
3188 4776 3442 4854 διαταγῇ,
3495 4775 3637 4852 μηδὲ
3664 4779 3767 4847 τήν
3804 4779 3902 4833 Ἀ-

2235 4874 2449 4949 ρειανην
2483 4869 2686 4946 α’ίρεσιν
2721 4869 2953 4945 εἰσάγειν
2987 4868 3064 4930 εἷς
3094 4870 3195 4938 τὴν
3240 4865 3566 4938 Ἐκκλησίαν
3597 4871 3697 4922 τοῦ
3733 4871 3900 4925 Θεοῦ.

2234 4959 2394 5018 Ἀλλ’
2425 4957 2548 5016 οὔτε
2586 4958 2778 5029 ἤκουεν
2828 4957 3052 5029 ἐκεῖνος,
3103 4955 3226 5013 οὔτε
3275 4979 3330 5012 τι
3375 4954 3543 5013 πλέον
3578 4956 3776 5020 αὐτοὺς
3812 4955 3908 5012 λέ-

540 5191 563 5223 ⁴
589 5185 743 5244 Psal.
777 5197 962 5248 LXXIV,
1010 5180 1064 5232 6.
1098 5179 1119 5212 ³
1167 5158 1370 5232 Matth.
1439 5192 1554 5243 xvr,
1603 5173 1693 5228 24.
1726 5175 1747 5208 ⁸
1815 5173 1956 5228 Luc.
2001 5187 2127 5240 vm,
2166 5171 2257 5227 20.
2289 5170 2309 5206 ’⁷
2339 5172 2500 5225 Cant.
2535 5184 2589 5236 ν,
2620 5169 2674 5222 2.
2705 5166 2725 5201 ⁸
2759 5168 2779 5222 Ι
2811 5166 2953 5239 Reg.
2985 5181 3137 5233 xxvn,
3159 5165 3213 5221 9.

544 5412 654 5488 (29)
682 5414 845 5488 R_eg.,
911 5403 1241 5488 xu-zso’wcs‘iz‘
1301 5401 1463 5488 editi,
1531 5417 1773 5488 κατεασει
1835 5397 1970 5488 Quae
2020 5412 2128 5451 vox

475 5470 1197 5571 apud'Athanasiumasu|b
1228 5474 1337 5571 hac
1369 5473 1556 5562 forma
1584 5470 1908 5571 aliquando‘
1934 5484 2130 5571 συείων-

474 5536 826 5617 rilzrf’salmo
849 5567 1030 5621 Lxxiv,
1061 5550 1114 5619 6,
1150 5547 1383 5621 legitur,
1435 5541 1486 5598 ἐν
1547 5536 1764 5597 πελέκει
1820 5538 1911 5596 καὶ
1944 5536 2130 5612 λαξτυ-

476 5626 656 5715 τηρίφ
684 5620 1034 5706 κατέῤῥαξαν,

2309 5394 2421 5538 ἓΒΟ)
2452 5392 2548 5448 Sic
2581 5391 2722 5464 Reg.
2755 5390 2910 5447 Editi
2939 5406 3096 5459 vero,
3129 5382 3248 5445 ὅσα.

2332 5465 2546 5538 31)Sic
2572 5464 2715 5538 Reg.
2736 5463 2935 5533 codex,
2970 5463 3120 5538 E_d_it.
3156 5479 3248 5520 ver

2332 5459 2546 5538 31)Sic
2572 5459 2715 5538 Reg.
2736 5463 2935 5533 codex,
2970 5463 3120 5538 E_d_it.
3156 5479 3290 5520 vero
3339 5465 3588 5532 Comm.,
3651 5459 3920 5538 Μαρκέλ-

2240 5531 2375 5594 λων.
2405 5531 2554 5594 Edit.
2591 5531 2799 5608 Pa'ris.,
2830 5531 3179 5615 Βαρκέλλων.
