4132 6374
328 295 450 361 733

1265 295 1639 361 HISTORIA
1684 291 2161 358 ARIANORUM
2207 298 2309 359 AD
2355 297 2810 362 MONACHOS.

3621 298 3746 362 734

330 452 445 508 γειν
481 429 791 506 ἐπέτρεπεν,
822 426 962 485 ἀλκὰ
1009 431 1099 485 καὶ
1153 429 1365 504 μᾶλλον
1419 429 1659 498 ἠπείλει,
1706 429 1795 482 καὶ
1836 427 1986 504 ξίφος

2116 434 2289 497 )atur,
2325 432 2440 488 imo
2469 449 2538 487 ex
2570 433 2645 488 iis
2674 432 2992 490 nonnullos
3019 434 3091 488 ad
3123 431 3480 506 supplicium
3530 433 3745 488 abduci

332 518 571 595 ἐγύμνου
597 526 711 574 κατ’
757 519 957 590 αὐτῶν,
1005 520 1096 574 καὶ
1146 519 1443 594 ἀπάγεσθαι
1488 515 1544 572 δέ
1594 538 1745 579 τινας
1791 515 1842 587 ἐξ
1891 515 1982 570 αὐ-

329 613 436 664 τῶν
472 606 740 663 ἐκέλευσε·
775 609 865 662 καὶ
895 608 1082 678 πάλιν,
1113 609 1190 670 ὡς
1235 610 1262 662 6
1294 609 1515 682 Φαραὼ,
1572 605 1982 681 μετεγίνωσκεν.

332 697 732 768 Ἐκτῖνάξαντες
759 697 938 752 τοίνυν
973 699 1024 752 οἱ
1056 699 1202 772 ἅγιοι
1244 698 1334 752 τὸν
1383 697 1684 774 κονιορτὸν,
1729 695 1817 750 καὶ
1849 695 1984 770 πρὸς

330 788 421 841 τὸν
457 787 585 842 Θεὸν
621 781 1038 860 ἀναϐλέψαντες,
1089 783 1212 840 οὔτε
1262 785 1492 856 ἀπειλὴν
1546 786 1815 862 βασιλέως
1866 783 1986 862 ἐφο-

335 872 604 948 ϐήθησαν,
639 873 761 930 οὕτε
792 875 978 953 ξίφους
1009 877 1392 951 γυμνουμένου
1562 872 1987 950 προδεδώκασιν,

335 962 483 1019 ἀλλά
525 964 615 1018 καὶ
664 965 754 1018 τὸν
789 964 1094 1038 ἐξορισμὸν,
1147 965 1221 1026 ὡς
1269 962 1646 1040 λειτούργημα
1691 961 1986 1034 διακονίας,

336 1051 624 1128 ἐσχήκασι’
676 1050 1028 1130 διερχόμενοι
1058 1055 1162 1129 γάρ
1206 1055 1342 1108 κατὰ
1369 1053 1534 1108 τόπον
1586 1054 1674 1107 καὶ
1727 1054 1864 1107 κατὰ
1892 1051 1989 1106 πό-

336 1141 424 1196 λιν
458 1144 594 1214 (33),
626 1142 820 1216 καίπερ
855 1141 905 1198 ἐν
940 1139 1161 1216 δεσμοῖς
1214 1138 1384 1212 ὄντες,
1412 1140 1857 1217 εὐηγγελίζοντο,
1891 1143 1989 1210 τήν

341 1232 436 1306 μὲν
469 1226 661 1300 εὐσεϐῆ
695 1231 874 1285 πίστιν
907 1231 1290 1305 κηρύττοντες,
1320 1233 1420 1301 τήν
1474 1229 1529 1286 δὲ
1581 1233 1864 1304 ’Δρειανήν
1910 1228 1991 1284 ατί-

338 1342 480 1397 ρεσιν
532 1321 1035 1393 ἀναθεματίζοντες,
1068 1322 1156 1374 καὶ
1204 1323 1303 1390 τήν
1361 1323 1645 1393 μετάνοιαν
1692 1320 1992 1394 Οὐρσακίου

334 1411 424 1464 καὶ
456 1407 758 1472 Οὐάλεντος
791 1408 1223 1480 στηλιτεύοντες.
1259 1409 1538 1486 Ἐγίγνετο
1584 1407 1642 1464 δὲ
1667 1415 1826 1464 τοῦτο
1858 1409 1992 1484 πρὸς

338 1497 580 1554 ἐναντίου
607 1501 723 1572 (34)
760 1503 877 1561 τοῖς
931 1496 1392 1554 ἐπιϐουλεύουσιν·
1450 1499 1561 1572 ὅσῳ
1612 1500 1715 1574 γὰρ
1759 1495 1905 1552 πολὺ
1933 1498 1995 1552 τὸ

342 1585 618 1661 διάστημα
645 1595 746 1658 τῆς
775 1587 1093 1663 ἐξοριστίας,
1141 1588 1386 1661 τοσούτῳ
1440 1594 1624 1662 μεῖζον
1654 1589 1717 1643 τὸ
1756 1589 1870 1642 κατ’
1901 1586 1994 1642 αὐ-

336 1682 446 1733 τῶν
485 1682 640 1750 μῖσος
672 1674 888 1748 ηὔξανε,
916 1679 1006 1732 καὶ
1036 1681 1298 1754 κήρυγμα
1326 1679 1393 1747 ἦν
1445 1679 1582 1732 κατά
1619 1685 1720 1746 τῆς
1753 1671 1996 1738 ἀσεϐείας

2087 519 2377 588 jusserat;
2409 521 2508 576 sed
2542 527 2767 593 postea,
2799 523 2882 577 uti
2913 522 3156 593 Pharao,
3207 522 3557 577 sententiam
3610 539 3746 577 mu—

2094 608 2257 662 tavit.
2287 609 2541 665 Excusso
2574 611 2772 683 itaque
2807 611 3040 683 pulvere
3069 611 3253 666 sancti
3286 610 3392 678 illi,
3421 610 3748 682 erectisque

2097 697 2166 751 ad
2208 697 2383 752 Deum
2417 698 2624 765 oculis,
2675 717 2863 772 neque
2913 700 3105 755 minas
3163 699 3535 771 imperatoris
3593 699 3747 755 288

2098 785 2572 853 reformidarunt,
2605 806 2792 860 neque
2823 789 3008 845 stricti
3037 789 3214 861 gladii
3251 793 3408 842 metu
3448 789 3750 844 veritatem

2099 875 2424 946 prodidere,
2459 878 2558 931 sed
2581 878 2850 933 exsilium
2885 895 2987 949 pro
3039 877 3355 933 ministerii
3416 877 3505 932 sui
3557 877 3750 933 officio

2100 964 2453 1020 habuerunt.
2491 972 2634 1021 [)um
2667 967 2821 1023 enim
2877 985 2980 1040 per
3034 967 3161 1023 loca
3214 985 3432 1040 perque
3482 965 3748 1023 civitates

2101 1053 2438 1125 transirent,
2497 1055 2606 1110 etsi
2662 1056 2912 1111 vinculis
2985 1055 3304 1120 constricti,
3360 1055 3749 1112 nihilominus

2103 1142 2598 1213 evangelizabant,
2633 1161 2697 1199 ac
2724 1145 2879 1216 piam
2913 1145 3084 1199 fidem
3121 1145 3524 1216 praedicantes,
3585 1145 3750 1200 Aria-

2103 1248 2239 1286 nam
2255 1232 2519 1288 th-resim
2544 1233 2913 1288 anathemate
2934 1235 3189 1288 damnab
3201 1238 3323 1298 ant,
3339 1234 3752 1289 traducebant-

2104 1337 2218 1391 que
2249 1321 2470 1375 Ursacii
2501 1326 2674 1392 atque
2699 1321 2960 1377 Valentis
2992 1322 3585 1392 pmnitentiamﬂuod
3619 1340 3752 1379 con-

2105 1413 2193 1464 tra
2225 1427 2403 1482 quam
2453 1411 2562 1465 rati
2616 1415 2784 1466 erant
2839 1411 3014 1466 cessit
3068 1412 3552 1468 insidiatoribus:
3615 1429 3752 1468 nam

2107 1503 2326 1571 quanto
2356 1498 2616 1572 longiore
2669 1500 2974 1555 intervallo
3016 1501 3269 1556 distabat
3321 1501 3510 1556 exsilii
3567 1501 3752 1571 locus,

2106 1591 2270 1643 tanto
2295 1588 2490 1660 majus
2523 1587 2581 1642 in
2613 1587 2746 1644 illos
2777 1589 2980 1643 odium
3030 1589 3450 1644 concitabatur.
3513 1591 3756 1646 Sancto-

2109 1693 2358 1748 rumque
2390 1678 2647 1731 virorum
2681 1677 3084 1750 commigratio
3115 1694 3249 1732 vera
3269 1677 3379 1732 fuit
3427 1679 3757 1750 pradicatio

338 1765 512 1822 αὐτῶν
546 1769 581 1835 ἡ
612 1766 820 1821 τούτων
855 1767 1161 1840 ἀποδημία.
1214 1767 1305 1829 Τίς
1359 1767 1486 1842 γὰρ,
1525 1764 1741 1840 βλέπων
1773 1764 1998 1826 τούτους

2116 1766 2391 1821 adversus
2421 1765 2655 1821 illorum
2689 1766 3071 1838 impietatem.
3097 1767 3237 1832 Quis
3266 1767 3422 1822 enim
3445 1769 3586 1823 dum
3617 1784 3749 1840 per-
3820 1827 3842 1844 ,

341 1853 756 1932 διερχομένους,
810 1855 908 1910 οὐκ
952 1855 1149 1918 αὐτοὺς
1186 1856 1278 1930 μὲν
1331 1855 1407 1918 ὠς
1447 1853 1802 1931 ὁμολογητάς
1839 1855 2000 1928 ὑπερ-

344 1944 664 2017 εθαύμαζεν,
695 1943 933 2007 ἐκείνους
965 1942 1022 1999 δὲ
1053 1943 1153 1999 οὐκ
1201 1945 1562 2021 ἀπεστρέφετο
1611 1944 1700 1998 καὶ
1747 1939 2000 1998 ἐϐδελύτ-

341 2053 484 2104 τετο,
519 2032 700 2088 οὐκέτι
737 2034 894 2106 μόνον
936 2034 1012 2096 ὡς
1056 2028 1290 2104 ἀσεϐεῖς,
1346 2031 1490 2087 ἀλλὰ
1537 2034 1628 2087 καὶ
1655 2034 1730 2095 ὡς
1765 2031 2001 2107 δημίους

344 2123 435 2177 καὶ
465 2122 542 2184 ὡς
592 2124 878 2200 φονευτάς,
929 2124 1018 2177 καὶ
1068 2124 1239 2177 πάντα
1295 2120 1507 2196 μᾶλλον
1561 2123 1595 2191 ἢ
1649 2121 2003 2196 Χριστιανοὺς

350 2211 634 2284 ὀνομάζων
673 2228 686 2280 ;

417 2302 506 2356 35.
542 2299 761 2356 Βέλτιον
800 2301 893 2374 μὲν
929 2301 1018 2355 οὗν
1052 2301 1117 2371 ἦν
1169 2322 1306 2356 κατα
1353 2303 1454 2372 τήν
1508 2301 1686 2377 ἀρχὴν
1726 2301 2006 2355 Κωνστάν-

344 2410 460 2444 τιον
501 2387 762 2462 μηδόλως
791 2396 893 2459 τῆς
939 2391 1195 2465 αἱρέσεως
1241 2391 1444 2460 ταύτης
1475 2391 1736 2466 γενέσθαι,
1781 2390 1816 2459 ἢ
1850 2389 2008 2464 γενό-

353 2499 535 2552 μενον,
601 2480 675 2552 μή
735 2484 992 2534 τοσοῦτον
1049 2477 1296 2535 ἐνδοῦναι
1350 2485 1470 2542 τοῖς
1529 2474 1792 2549 ἀσεϐέσιν,
1843 2481 1877 2548 ἢ
1930 2478 2008 2534 ἐν·

351 2563 512 2621 δόντα
545 2567 710 2642 μέχρι
741 2567 948 2622 τούτων
997 2575 1189 2638 στῆναι
1251 2570 1364 2641 μετ’
1415 2568 1612 2639 αὐτῶν,
1641 2567 1732 2622 ’ίνα
1774 2567 1869 2622 κᾶν
1901 2565 2008 2629 ἕως

347 2654 554 2710 τούτων
588 2651 758 2731 ἔχωσι
791 2661 899 2711 τῶν
952 2655 1343 2731 τολμηθέντων
1539 2659 1726 2727 κοινὴν
1768 2659 1867 2727 την
1899 2655 2012 2732 κρί-

355 2765 457 2802 σιν.
519 2746 606 2807 Ὠς
657 2744 715 2799 δὲ
760 2741 921 2816 ἔοικε,
982 2747 1117 2801 κατά
1167 2745 1294 2809 τοὺς
1346 2744 1581 2824 ἄφρονας
1631 2744 1852 2820 δεσμοῖς
1910 2752 2009 2815 τῆς

353 2827 600 2897 ἀσεϐείας
632 2833 855 2896 ἑαυτοὺς
899 2835 1332 2911 περιπείροντες,
1391 2835 1609 2910 μείζονα
1651 2837 1768 2890 καθ’
1809 2836 2010 2891 ἑαυτῶν

351 2924 450 2992 τήν
498 2922 694 2998 κρίσιν.
742 2923 1098 2982 ἐπισπῶνται.
1155 2925 1256 2979 Καὶ
1305 2925 1410 2999 γάρ
1463 2922 1588 2979 οὐδέ
1633 2920 1887 2999 Λιϐερίου
1916 2928 2012 2979 τοῦ

358 3009 658 3067 ἐπισκόπου
710 3013 932 3086 Ῥώμης
970 3014 1106 3068 κατά
1149 3015 1250 3082 τήν
1300 3013 1481 3090 ἀρχὴν
1527 3012 1826 3091 ἐφείσαντο,
1868 3011 2014 3067 ἀλλά

352 3101 444 3156 καὶ
471 3102 636 3178 μέχρι
685 3106 793 3157 τῶν
846 3101 957 3157 ἐκεῖ
984 3103 1082 3171 τήν
1122 3102 1311 3176 μανίαν
1348 3101 1626 3172 ἐξέτειναν·
1669 3103 1759 3156 καὶ
1789 3101 1897 3176 οὐχ
1926 3101 2008 3157 ὅτι

355 3169 723 3253 ἀποστολικός
757 3189 868 3246 ἐστι
899 3169 1088 3268 θρόνος
1123 3169 1462 3265 ᾖδέσθησάν,
1514 3188 1626 3246 οὐθ’
1656 3191 1739 3246 ὅτι
1913 3212 2014 3264 μη·
2043 3169 2086 3236 C

355 3277 622 3355 τρόπολις
653 3281 688 3348 ἡ
721 3280 910 3350 Ῥώμη
941 3286 1040 3349 τῆς
1073 3281 1379 3352 Ῥωμανίας
1411 3279 1573 3350 ἐστὶν,
1609 3275 2010 3350 εὐλαϐήθησαν,

355 3366 469 3423 οὔθ’
499 3368 584 3422 ὅτι
628 3368 893 3445 πρότερον
939 3367 1339 3431 ἀποστολικοὺς
1393 3368 1587 3432 αὐτοὺς
1639 3367 1834 3444 ἄνδρας
1879 3370 2012 3445 Ὑρά“

355 3479 547 3536 φοντες
603 3457 904 3535 εἰρήκασιν,
954 3457 1382 3531 ἐμνημόνευσαν.
1443 3455 1620 3513 Ἀλλά
1666 3459 1840 3513 πάντα
1869 3459 2010 3531 ὁμοῦ

355 3544 641 3624 φύραντες,
676 3547 890 3602 πάντων
926 3546 1132 3622 ἀθρόως
1182 3546 1531 3616 ἐπελάθοντο,
1582 3546 1672 3601 καὶ
1709 3545 1880 3620 μόνης
1909 3553 2010 3616 τῆς

358 3634 491 3711 ὑπὲρ
514 3641 615 3704 τῆς
655 3631 902 3698 ἀσεϐείας
950 3633 1193 3704 σπουδῆς
1244 3635 1580 3714 ἐφρόντισαν.
1634 3632 1854 3704 Ἐπειδὴ
1905 3636 2008 3712 γάρ

357 3723 659 3800 ἑωράκασιν
693 3723 850 3778 αὐτὸν
885 3722 1296 3800 ὀρθοδοξοῦντα,
1329 3724 1418 3778 καὶ
1474 3729 1734 3798 μισοῦντα
1784 3725 1877 3797 μὲν
1908 3725 2008 3794 τὴν

358 3813 646 3886 ’Δρειανὴν
707 3810 953 3888 αἵρεσιν,
1013 3811 1382 3882 σπουδάζοντα
1439 3811 1496 3868 δὲ
1553 3815 1751 3875 πάντας
1807 3813 2008 3868 πείθειν

359 3900 788 3979 ἀποστρέφεσθαι
819 3901 908 3956 καὶ
961 3903 1266 3978 ἀναχωρεῖν
1319 3902 1410 3956 ἀπ’
1459 3901 1648 3972 αὐτῆς,
1691 3901 2010 3977 ἐλογίσαντο

359 3991 419 4045 οἱ
451 3985 749 4060 δυσσεϐεῖς,
782 3990 863 4045 ὅτι
898 3991 960 4046 Εἰ
1007 3993 1096 4046 τὸν
1147 3986 1397 4066 Λιϐέριον
1449 3991 1752 4066 πείσαιμεν,
1792 3993 2006 4047 πάντων

348 4081 568 4155 ταχέως
598 4081 942 4156 κρατήσομεν
974 4099 986 4111 ·
1018 4081 1108 4135 καὶ
1159 4075 1519 4136 διαϐάλλουσι
1555 4080 1785 4158 βασιλεῖ.
1819 4082 2006 4136 Κάκεῖ-

348 4189 443 4231 νος
472 4169 710 4244 ταχέως,
743 4167 1124 4244 προσδοκήσας
1172 4167 1260 4225 διὰ
1315 4166 1569 4247 Λιϐερίου
1600 4172 1802 4234 πάντας
1829 4168 2006 4227 ἕλκειν

346 4257 487 4333 πρὸς
519 4257 729 4325 ἑαυτὸν,
761 4259 979 4336 γράφει,
1033 4260 1122 4314 καὶ
1169 4261 1375 4334 πέμπει
1429 4256 1705 4315 σπάδοντα
1751 4255 2007 4315 Εὐσέϐιόν

344 4366 468 4400 τινα
511 4344 852 4420 καλούμενον
905 4349 1039 4421 μετά
1089 4350 1429 4424 γραμμάτων
1483 4350 1572 4403 καὶ
1607 4347 1823 4423 δωρεῶν
1861 4395 1874 4420 ,
1918 4349 2010 4405 ’ίνα

347 4440 468 4498 τοῖς
503 4436 596 4509 μὲν
637 4433 838 4510 δώροις
883 4435 1207 4510 κολακεύσῃ,
1252 4443 1370 4500 τοῖς
1423 4435 1480 4493 δέ
1508 4440 1823 4514 γράμμασιν
1855 4440 2010 4494 ἀπει-

2113 1860 2384 1928 agrantes
2413 1860 2694 1922 cerneret,
2727 1873 2842 1910 non
2874 1856 3204 1912 admiratus
3233 1854 3364 1911 illos
3410 1862 3474 1911 ut
3527 1858 3756 1914 confes-

2114 1960 2296 2009 sores,
2323 1945 2566 2000 Arianos
2597 1961 2709 1999 non
2743 1949 2972 2000 tantum
3004 1949 3070 2000 ut
3126 1946 3362 2017 impios,
3419 1946 3521 2001 sed
3581 1947 3756 2002 etiam

2115 2038 2181 2089 ut
2211 2032 2510 2089 carniﬁces
2541 2039 2597 2089 et
2628 2034 2952 2089 homicidas
2977 2050 3092 2089 non
3123 2040 3430 2090 aversatus
3497 2051 3762 2092 exsecra-

2114 2127 2326 2194 tusque
2357 2128 2464 2194 est,
2489 2127 2545 2178 et
2574 2140 2688 2178 non
2717 2123 2921 2194 quovis
2953 2123 3148 2196 potius
3179 2140 3359 2196 quam
3399 2123 3763 2180 Christiano-

2116 2228 2248 2266 rum
2284 2212 2520 2266 nomine
2551 2211 2864 2283 appellavit
2891 2212 2920 2266 ?

2187 2303 2276 2355 35.
2310 2301 2502 2356 Satius
2554 2305 2706 2356 certe
2754 2305 2909 2357 esset
2955 2301 3364 2358 Constantium
3398 2320 3431 2358 a
3473 2303 3763 2376 principio

2117 2390 2296 2461 hujus
2326 2389 2565 2445 haeresis
2596 2394 2940 2446 sectatorem
2973 2407 3087 2445 non
3129 2391 3311 2447 fuisse
3335 2409 3347 2446 :
3371 2397 3474 2447 aut
3519 2392 3568 2447 si
3619 2393 3764 2449 fuis-

2118 2483 2226 2546 set,
2259 2496 2374 2534 non
2410 2483 2640 2534 tantum
2670 2478 2868 2550 impiis
2891 2479 3250 2535 concessisse
3283 2479 3576 2536 facultatis
3603 2498 3615 2535 :
3664 2485 3767 2538 aut

2119 2567 2167 2623 si
2200 2585 2586 2624 concessurus
2608 2573 2750 2638 erat,
2786 2568 2877 2624 hic
2910 2569 3116 2624 saltem
3150 2586 3268 2624 una
3297 2569 3567 2625 cumillis
3626 2571 3766 2627 sub-

2120 2657 2360 2724 stitisse,
2394 2663 2458 2711 ut
2485 2657 2809 2712 facinorum
2844 2657 3124 2713 duntaxat
3145 2657 3432 2714 hactenus
3464 2663 3765 2730 gestorum

2121 2762 2434 2802 commune
2466 2747 2733 2802 subirent
2755 2747 3072 2818 judicium.
3099 2747 3234 2813 Sed,
3269 2748 3353 2802 uti
3396 2747 3592 2819 palam
3656 2754 3766 2817 est,

2123 2836 2264 2891 dum
2297 2852 2442 2903 sese,
2495 2837 2819 2892 amentium
2873 2837 3082 2902 instar,
3142 2836 3466 2908 impietatis
3519 2837 3769 2895 vinculis

2123 2924 2553 2998 constringunt,
2637 2925 2954 2997 graviusin
2987 2942 3048 2981 se
3091 2925 3383 2996 judicium
3445 2928 3765 2984 attrahunt.

2123 3015 2270 3070 Nam
2302 3030 2489 3086 neque
2514 3014 2743 3070 Liberio
2775 3015 3036 3070 Romano
3059 3014 3330 3086 episcopo
3353 3015 3426 3070 ab
3444 3015 3571 3088 ipso
3603 3016 3768 3072 initio

2125 3118 2452 3174 pepercere,
2513 3103 2615 3157 sed
2663 3119 2850 3174 usque
2882 3104 2954 3158 ad
2985 3104 3114 3174 ejus
3165 3102 3328 3158 urbis
3384 3103 3538 3160 cives
3589 3122 3767 3162 suum

2126 3195 2522 3264 propagarunt
2550 3192 2825 3258 furorem,
2861 3190 3007 3245 nihil
3041 3190 3294 3257 reveriti,
3323 3193 3479 3262 quod
3533 3199 3767 3266 aposto-

2120 3280 2270 3336 licus
2302 3281 2552 3335 thronus
2582 3280 2680 3335 ille
2710 3280 2807 3351 sit,
2840 3279 2986 3334 nihil
3018 3280 3169 3351 quod
3208 3279 3395 3335 Roma
3425 3281 3504 3336 sit
3552 3289 3768 3339 metro-

2122 3369 2270 3442 polis
2304 3369 2597 3425 Romanits
2623 3385 2636 3423 :
2664 3385 2768 3424 nec
2796 3368 3079 3424 recordati
3112 3373 3270 3440 sunt,
3320 3385 3380 3424 se
3411 3374 3583 3427 antea
3636 3371 3769 3428 illos

2126 3458 2475 3531 apostolicos
2505 3458 2660 3514 viros
2684 3457 2744 3512 in
2766 3456 2976 3512 litteris
3025 3456 3151 3512 suis
3208 3474 3597 3530 nuncupasse.
3655 3461 3768 3517 Sed

2125 3548 2324 3605 omnia
2365 3545 3035 3616 simulcommiscentes,
3068 3545 3334 3601 omnium
3393 3565 3512 3602 una
3563 3547 3768 3604 oblivi-

2125 3640 2392 3705 scuntur,
2425 3653 2532 3692 nec
2564 3635 2866 3707 quidpiam
2897 3633 3013 3690 illis
3028 3634 3140 3690 nisi
3164 3634 3436 3707 impietas
3457 3637 3613 3692 cordi
3636 3638 3763 3694 luit.

2121 3729 2264 3784 Cum
2288 3725 2445 3781 enim
2484 3722 2652 3778 illum
2696 3727 2999 3778 cernerent
3055 3740 3210 3779 sanae
3268 3725 3403 3779 ﬁdei
3461 3725 3767 3795 cultorem,

2119 3818 2461 3886 Arianazque
2494 3813 2730 3868 haeresis
2759 3812 3183 3880 adversarium,
3207 3817 3621 3886 auctoremque
3642 3833 3768 3872 0m-

2121 3907 2297 3962 nibus
2328 3920 2423 3960 ese
2441 3906 2506 3958 ut
2533 3919 2662 3958 eam
2695 3906 3121 3970 aversarentur,
3154 3903 3226 3958 ab
3267 3917 3451 3974 eaque
3507 3903 3770 3960 declina-

2121 3999 2269 4066 rent,
2303 3991 2571 4050 arbitrati
2604 3995 2742 4048 sunt
2772 3990 2935 4062 impii
2970 3990 3260 4061 homines,
3293 4007 3356 4048 se
3388 3991 3437 4048 si
3470 3991 3766 4050 Liberium

2121 4086 2398 4142 seducere
2428 4081 2674 4154 possint,
2708 4097 2913 4136 omnes
2945 4079 3099 4136 illico
3132 4085 3550 4152 superaturos:
3587 4099 3768 4155 quare

2122 4175 2293 4231 illum
2325 4172 2479 4245 apud
2496 4172 2917 4242 imperatorum
2939 4169 3507 4227 calumniantur.llle
3523 4189 3766 4244 sperans

2120 4281 2183 4321 se
2215 4262 2426 4318 Liberii
2457 4277 2632 4333 opera
2661 4259 3107 4331 quamprimum
3139 4276 3343 4316 omnes
3360 4260 3470 4316 sibi
3485 4261 3764 4318 concilia-

2119 4357 2493 4420 turum,cum
2523 4348 2734 4404 litteris
2761 4347 3085 4420 spadonem
3107 4349 3423 4419 quemdam
3443 4349 3763 4406 Eusebium

2120 4442 2357 4500 nomine
2387 4439 2587 4504 mittit,
2621 4438 2774 4492 dona
2805 4437 3106 4507 ferentem,
3138 4441 3202 4492 ut
3233 4436 3600 4494 blandiretur
3656 4440 3764 4496 do-

346 4521 513 4598 λήσῃ.
578 4523 853 4582 Ἀπελθὼν
903 4526 1082 4581 τοίνυν
1139 4528 1167 4580 6
1223 4524 1440 4583 σπάδων
1492 4527 1570 4590 είς
1624 4530 1722 4598 την
1767 4530 2001 4603 Ῥώμην,

2116 4533 2228 4598 nis,
2291 4529 2499 4586 litteris
2554 4545 2686 4583 vero
2736 4526 3075 4582 minaretur-
3135 4526 3437 4582 Profectus
3515 4527 3762 4585 Romam

343 4617 562 4690 πρῶτον
643 4613 940 4691 παρεκάλει
995 4617 1086 4670 τὸν
1166 4611 1420 4686 Λιϐέριον
1500 4618 1635 4672 κατὰ
1690 4618 2005 4674 Ἀθανασίου

347 4703 444 4776 μὲν
481 4702 820 4779 ὑπογράψαι,
852 4711 969 4768 τοῖς
1001 4703 1058 4760 δέ
1084 4710 1383 4780 Ἀρειανοῖς
1414 4713 1766 4779 κοινωνῆσαι,
1802 4705 2002 4784 λέγων·

344 4796 520 4847 Τοῦτο
561 4793 816 4866 βασιλεὺς
874 4793 1152 4870 βούλεται,
1195 4796 1285 4850 καὶ
1339 4793 1547 4850 κελεύει
1581 4815 1593 4828 ·
1626 4817 1684 4851 σε
1728 4804 1954 4867 ποιῆσαι
1987 4817 1999 4829 ’

347 4880 480 4953 εἶτα,
542 4879 844 4946 ἐπιδεικνὺς
891 4886 960 4939 τὰ
1008 4882 1178 4962 δῶρα,
1240 4883 1534 4960 παρεκάλει
1588 4904 1599 4916 ·
1661 4887 1750 4940 καὶ
1800 4891 2000 4964 χειρῶν

347 4969 575 5044 ἥπτετο,
611 4970 807 5049 λέγων·
840 4973 1095 5045 ΙΙείσθητι
1131 4973 1363 5050 βασιλεῖ,
1395 4975 1484 5030 καὶ
1513 4980 1680 5030 ταῦτα
1701 4973 1864 5048 δέξαι.

418 5154 505 5211 36.
542 5153 598 5206 Ὀ
643 5150 701 5208 δὲ
751 5152 1046 5216 ἐπίσκοπος
1095 5151 1251 5229 λόγῳ
1294 5153 1492 5209 πείθων
1552 5151 1797 5210 ἐδίδασκε
1830 5175 1843 5188 ’
1878 5161 2000 5218 Πῶς

377 5241 430 5296 γό
673 5247 698 5258 “’
911 5244 998 5299 έσθ
1222 5245 1233 5264 “
1289 5250 1302 5271 ’
1637 5265 1649 5277 ·
1684 5247 1705 5264 "
1830 5247 1843 5265 ‘
1969 5245 1991 5280 ”

345 5262 396 5296 οι
435 5265 460 5296 ν
492 5263 552 5297 τε
607 5263 767 5298 τουτο
816 5265 907 5320 γεν
1005 5265 1057 5299 αι
1109 5265 1244 5300 κατα
1308 5244 1603 5299 Δθανασίου
1637 5291 1650 5316 ,
1685 5267 1741 5300 ον
1782 5266 1885 5322 γαρ
1935 5266 1997 5302 ου

349 5332 511 5406 μόνον
550 5333 648 5407 μία
673 5335 805 5409 (37),
837 5331 984 5388 ἀλλὰ
1012 5333 1102 5389 καὶ
1133 5331 1353 5410 δευτέρα
1400 5332 1624 5398 σύνοδος
1660 5335 1994 5411 πανταχόθεν

416 5459 528 5533 (_22)
559 5459 652 5516 Sic
684 5460 823 5533 Reg,
856 5465 912 5517 et
941 5460 1080 5533 edit.
1113 5466 1359 5533 Comm.,
1394 5466 1566 5518 recte.
1601 5463 1753 5519 Edit.
1807 5463 1992 5520 Paris.

341 5535 400 5588 et
427 5529 652 5604 Colon,
681 5529 1092 5604 γυμνουμένους
1114 5532 1304 5604 male.

414 5603 526 5677 (33)
558 5603 644 5677 [ta
666 5603 808 5677 Reg.
841 5603 1015 5677 Editj,
1037 5603 1128 5677 καί.
1158 5603 1346 5677 πόλιν,
1377 5603 1596 5677 omisso
1620 5603 1778 5677 κατά.

414 5603 506 5673 (33
558 5603 644 5660 Ita
673 5603 808 5677 Reg.
841 5603 1015 5673 Editi,
1037 5603 1128 5658 καί
1158 5603 1343 5660 πόλιν.
1377 5603 1596 5661 omisso
1625 5603 1778 5662 κατά.

414 5603 531 5757 (34)
558 5673 652 5737 Sic
664 5675 881 5753 Regius
892 5675 1422 5750 etBasilien.Editi,
1442 5674 1582 5758 πρός
1613 5675 1881 5746 ίναντίοις.

2119 4617 2618 4695 spado,principio
2639 4620 2842 4671 auctor
2866 4619 2991 4670 erat
3019 4614 3247 4671 Liberio
3270 4620 3336 4670 ut
3356 4619 3558 4672 contra
3577 4617 3759 4674 Atha-

2113 4710 2347 4766 nasium
2379 4706 2794 4771 subscriberet,
2828 4721 2963 4759 cum
2997 4702 3764 4776 Arianisquecommunica-

2111 4805 2238 4856 ret:
2272 4798 2436 4865 illud,
2471 4797 2656 4863 aiens,
2717 4795 3036 4866 imperator
3090 4798 3344 4866 exoptat,
3399 4794 3508 4850 hoc
3557 4801 3612 4851 te
3671 4797 3757 4854 fa-

2112 4905 2239 4946 cere
2267 4888 2452 4960 jubet.
2488 4885 2632 4942 Hinc
2661 4883 2936 4941 ostensis'
2963 4883 3310 4939 muneribus
3362 4883 3751 4944 hortabatur:

2110 4994 2443 5049 manusque
2473 4974 2684 5030 Liberii
2711 4976 3078 5030 contrectans
3108 4972 3301 5028 aiebat
3352 4998 3366 5037 ς
3413 4973 3758 5046 Imperatori

2109 5069 2466 5140 obtempera,
2493 5069 2551 5120 et
2581 5064 2702 5120 hac
2735 5063 2950 5135 accipe.

2179 5159 2268 5212 36.
2303 5155 2622 5229 Episcopus
2654 5157 2857 5209 contra
2888 5153 3180 5221 monebat,
3202 5153 3412 5225 hisque
3441 5153 3758 5212 verbisdo-

2107 5248 2274 5304 cebat
2301 5245 2647 5302 hominem:
2689 5242 2817 5313 Qui,
2879 5258 3096 5314 quaeso,
3160 5243 3440 5298 adversus
3498 5242 3757 5300 Athana-

2105 5338 2261 5395 sium
2292 5335 2350 5391 id
2372 5332 2627 5407 agatur?
2660 5331 2805 5390 Nam
2838 5347 3012 5404 quem
3050 5347 3165 5386 non
3205 5347 3323 5385 una
3377 5330 3592 5402 solum,
3653 5333 3756 5390 sed

2197 5464 2286 5540 1}?)
2319 5461 2407 5540 ita
2439 5459 2576 5540 Reg.
2606 5457 3008 5540 .Inneditis‘tfw
3055 5452 3437 5528 τολμηθέντων
3466 5455 3646 5514 deest.

2319 5531 2458 5604 Reg,
2489 5523 2582 5584 hic
2603 5529 2757 5604 infra
2785 5523 3008 5604 οὐδ’-ὅτι

2195 5598 2286 5680 37)
2318 5598 2533 5678 Regius
2561 5602 2755 5662 codex.
2781 5600 2814 5675 η
2852 5598 2948 5679 μία
