  <div class='ocr_page' id='page_1' title='image "/cluster/home/n/w/nwhite01/storage/ocr_20150623/25:no.1/coo.31924054873066/661.png"; bbox 0 0 4132 6390; ppageno 0'>
   <div class='ocr_carea' id='block_1_1' title="bbox 359 343 478 410">
    <p class='ocr_par' dir='ltr' id='par_1_1' title="bbox 359 343 478 410">
     <span class='ocr_line' id='line_1_1' title="bbox 359 343 478 410; baseline -0.017 -1"><span class='ocrx_word' id='word_1_1' title='bbox 359 343 478 410; x_wconf 82' lang='lat'>735</span> 
     </span>
    </p>
   </div>
   <div class='ocr_carea' id='block_1_2' title="bbox 897 334 3243 407">
    <p class='ocr_par' dir='ltr' id='par_1_2' title="bbox 897 334 3243 407">
     <span class='ocr_line' id='line_1_2' title="bbox 897 334 3243 407; baseline -0.003 -1"><span class='ocrx_word' id='word_1_2' title='bbox 897 347 962 407; x_wconf 91' lang='lat' dir='ltr'>S.</span> <span class='ocrx_word' id='word_1_3' title='bbox 1010 343 1442 407; x_wconf 86' lang='lat' dir='ltr'>ATHANASII</span> <span class='ocrx_word' id='word_1_4' title='bbox 1487 344 1662 406; x_wconf 85' lang='lat' dir='ltr'>OPP.</span> <span class='ocrx_word' id='word_1_5' title='bbox 1710 342 1908 404; x_wconf 81' lang='lat' dir='ltr'>PARS</span> <span class='ocrx_word' id='word_1_6' title='bbox 1955 337 2002 403; x_wconf 88' lang='grc' dir='ltr'>ῐ.</span> <span class='ocrx_word' id='word_1_7' title='bbox 2033 373 2113 386; x_wconf 94' lang='grc'><strong>-</strong></span> <span class='ocrx_word' id='word_1_8' title='bbox 2155 334 2575 403; x_wconf 83' lang='lat' dir='ltr'>HISTORICA</span> <span class='ocrx_word' id='word_1_9' title='bbox 2616 340 2717 402; x_wconf 89' lang='lat' dir='ltr'>ET</span> <span class='ocrx_word' id='word_1_10' title='bbox 2759 334 3243 403; x_wconf 84' lang='lat' dir='ltr'>DOGMATIGA.</span> 
     </span>
    </p>
   </div>
   <div class='ocr_carea' id='block_1_3' title="bbox 3657 327 3780 396">
    <p class='ocr_par' dir='ltr' id='par_1_3' title="bbox 3657 327 3780 396">
     <span class='ocr_line' id='line_1_3' title="bbox 3657 327 3780 396; baseline 0.024 -3"><span class='ocrx_word' id='word_1_11' title='bbox 3657 327 3780 396; x_wconf 76' lang='lat'>738</span> 
     </span>
    </p>
   </div>
   <div class='ocr_carea' id='block_1_4' title="bbox 358 457 2016 552">
    <p class='ocr_par' dir='ltr' id='par_1_4' title="bbox 358 473 2006 552">
     <span class='ocr_line' id='line_1_4' title="bbox 358 473 2006 552; baseline -0.004 -17"><span class='ocrx_word' id='word_1_12' title='bbox 358 484 415 536; x_wconf 90' lang='lat' dir='ltr'>et</span> <span class='ocrx_word' id='word_1_13' title='bbox 443 478 626 534; x_wconf 89' lang='lat' dir='ltr'>altera</span> <span class='ocrx_word' id='word_1_14' title='bbox 656 477 916 552; x_wconf 80' lang='lat' dir='ltr'>synodus</span> <span class='ocrx_word' id='word_1_15' title='bbox 947 493 1015 534; x_wconf 84' lang='lat' dir='ltr'>ex</span> <span class='ocrx_word' id='word_1_16' title='bbox 1069 480 1190 534; x_wconf 91' lang='lat' dir='ltr'>toto</span> <span class='ocrx_word' id='word_1_17' title='bbox 1239 478 1377 534; x_wconf 89' lang='lat' dir='ltr'>orbe</span> <span class='ocrx_word' id='word_1_18' title='bbox 1425 479 1624 533; x_wconf 88' lang='lat' dir='ltr'>coacta</span> <span class='ocrx_word' id='word_1_19' title='bbox 1680 491 1895 549; x_wconf 92' lang='lat' dir='ltr'>purum</span> <span class='ocrx_word' id='word_1_20' title='bbox 1946 473 2006 529; x_wconf 91' lang='lat' dir='ltr'>in</span> 
     </span>
    </p>
   </div>
   <div class='ocr_carea' id='block_1_5' title="bbox 2128 457 3783 552">
    <p class='ocr_par' dir='ltr' id='par_1_5' title="bbox 2128 457 3783 548">
     <span class='ocr_line' id='line_1_5' title="bbox 2128 457 3783 548; baseline -0.003 -22"><span class='ocrx_word' id='word_1_21' title='bbox 2128 475 2447 548; x_wconf 77' lang='grc' dir='ltr'>συναχθεῖσα</span> <span class='ocrx_word' id='word_1_22' title='bbox 2489 469 2677 535; x_wconf 78' lang='grc' dir='ltr'>καλῶς</span> <span class='ocrx_word' id='word_1_23' title='bbox 2747 471 3028 546; x_wconf 85' lang='grc' dir='ltr'>ἐκαθάρισε</span> <span class='ocrx_word' id='word_1_24' title='bbox 3061 515 3075 542; x_wconf 87' lang='grc'>,</span> <span class='ocrx_word' id='word_1_25' title='bbox 3131 469 3222 526; x_wconf 79' lang='grc' dir='ltr'>καὶ</span> <span class='ocrx_word' id='word_1_26' title='bbox 3278 470 3314 540; x_wconf 79' lang='grc' dir='ltr'><strong>ἡ</strong></span> <span class='ocrx_word' id='word_1_27' title='bbox 3375 467 3660 541; x_wconf 86' lang='grc' dir='ltr'>Ῥωμαίων</span> <span class='ocrx_word' id='word_1_28' title='bbox 3723 457 3783 522; x_wconf 71' lang='grc' dir='ltr'>δέ</span> 
     </span>
    </p>
   </div>
   <div class='ocr_carea' id='block_1_6' title="bbox 354 565 2012 640">
    <p class='ocr_par' dir='ltr' id='par_1_6' title="bbox 354 565 2012 640">
     <span class='ocr_line' id='line_1_6' title="bbox 354 565 2012 640; baseline -0.004 -15"><span class='ocrx_word' id='word_1_29' title='bbox 354 569 713 640; x_wconf 87' lang='lat' dir='ltr'>noxiumque</span> <span class='ocrx_word' id='word_1_30' title='bbox 737 569 872 639; x_wconf 89' lang='lat' dir='ltr'>jure</span> <span class='ocrx_word' id='word_1_31' title='bbox 891 567 1227 637; x_wconf 83' lang='lat' dir='ltr'>declaravit,</span> <span class='ocrx_word' id='word_1_32' title='bbox 1262 584 1438 640; x_wconf 87' lang='lat' dir='ltr'>quem</span> <span class='ocrx_word' id='word_1_33' title='bbox 1463 566 1728 623; x_wconf 81' lang='lat' dir='ltr'>Romana</span> <span class='ocrx_word' id='word_1_34' title='bbox 1751 565 2012 638; x_wconf 82' lang='lat' dir='ltr'>synodus</span> 
     </span>
    </p>
   </div>
   <div class='ocr_carea' id='block_1_7' title="bbox 351 652 2012 731">
    <p class='ocr_par' dir='ltr' id='par_1_7' title="bbox 351 652 2012 731">
     <span class='ocr_line' id='line_1_7' title="bbox 351 652 2012 731; baseline -0.004 -17"><span class='ocrx_word' id='word_1_35' title='bbox 351 675 487 715; x_wconf 90' lang='lat' dir='ltr'>cum</span> <span class='ocrx_word' id='word_1_36' title='bbox 518 674 661 731; x_wconf 89' lang='lat' dir='ltr'>pace</span> <span class='ocrx_word' id='word_1_37' title='bbox 685 657 932 725; x_wconf 86' lang='lat' dir='ltr'>dimisit,</span> <span class='ocrx_word' id='word_1_38' title='bbox 967 675 1082 730; x_wconf 92' lang='lat' dir='ltr'>quo</span> <span class='ocrx_word' id='word_1_39' title='bbox 1111 662 1280 730; x_wconf 88' lang='lat' dir='ltr'>pacto</span> <span class='ocrx_word' id='word_1_40' title='bbox 1315 658 1594 713; x_wconf 91' lang='lat' dir='ltr'>damnare</span> <span class='ocrx_word' id='word_1_41' title='bbox 1643 671 1962 728; x_wconf 86' lang='lat' dir='ltr'>possumus</span> <span class='ocrx_word' id='word_1_42' title='bbox 1985 652 2012 708; x_wconf 84' lang='lat'><strong>?</strong></span> 
     </span>
    </p>
   </div>
   <div class='ocr_carea' id='block_1_8' title="bbox 358 747 2014 820">
    <p class='ocr_par' dir='ltr' id='par_1_8' title="bbox 358 747 2014 820">
     <span class='ocr_line' id='line_1_8' title="bbox 358 747 2014 820; baseline -0.004 -16"><span class='ocrx_word' id='word_1_43' title='bbox 358 748 499 813; x_wconf 87' lang='lat' dir='ltr'>Quis</span> <span class='ocrx_word' id='word_1_44' title='bbox 531 765 637 804; x_wconf 87' lang='lat' dir='ltr'>nos</span> <span class='ocrx_word' id='word_1_45' title='bbox 664 747 1018 820; x_wconf 84' lang='lat' dir='ltr'>probaturus</span> <span class='ocrx_word' id='word_1_46' title='bbox 1040 750 1150 813; x_wconf 92' lang='lat' dir='ltr'>est,</span> <span class='ocrx_word' id='word_1_47' title='bbox 1179 747 1226 802; x_wconf 88' lang='lat' dir='ltr'>si</span> <span class='ocrx_word' id='word_1_48' title='bbox 1256 763 1428 818; x_wconf 87' lang='lat' dir='ltr'>quem</span> <span class='ocrx_word' id='word_1_49' title='bbox 1446 749 1792 818; x_wconf 68' lang='lat' dir='ltr'>praesentem</span> <span class='ocrx_word' id='word_1_50' title='bbox 1815 759 2014 798; x_wconf 90' lang='lat' dir='ltr'>aman-</span> 
     </span>
    </p>
   </div>
   <div class='ocr_carea' id='block_1_9' title="bbox 357 833 2010 910">
    <p class='ocr_par' dir='ltr' id='par_1_9' title="bbox 357 833 2010 910">
     <span class='ocr_line' id='line_1_9' title="bbox 357 833 2010 910; baseline -0.003 -16"><span class='ocrx_word' id='word_1_51' title='bbox 357 842 450 894; x_wconf 85' lang='lat' dir='ltr'>ter</span> <span class='ocrx_word' id='word_1_52' title='bbox 470 837 825 910; x_wconf 86' lang='lat' dir='ltr'>excepimus,</span> <span class='ocrx_word' id='word_1_53' title='bbox 859 838 929 892; x_wconf 89' lang='lat' dir='ltr'>ad</span> <span class='ocrx_word' id='word_1_54' title='bbox 992 836 1586 908; x_wconf 86' lang='lat' dir='ltr'>communionemque</span> <span class='ocrx_word' id='word_1_55' title='bbox 1636 833 2010 899; x_wconf 86' lang='lat' dir='ltr'>admisimus,</span> 
     </span>
    </p>
   </div>
   <div class='ocr_carea' id='block_1_10' title="bbox 358 923 2010 983">
    <p class='ocr_par' dir='ltr' id='par_1_10' title="bbox 358 923 2010 983">
     <span class='ocr_line' id='line_1_10' title="bbox 358 923 2010 983; baseline -0.004 0"><span class='ocrx_word' id='word_1_56' title='bbox 358 928 662 983; x_wconf 83' lang='lat' dir='ltr'>absentem</span> <span class='ocrx_word' id='word_1_57' title='bbox 695 941 1034 982; x_wconf 89' lang='lat' dir='ltr'>aversemur</span> <span class='ocrx_word' id='word_1_58' title='bbox 1054 926 1082 981; x_wconf 85' lang='lat'><strong>?</strong></span> <span class='ocrx_word' id='word_1_59' title='bbox 1112 927 1238 982; x_wconf 93' lang='lat' dir='ltr'>Non</span> <span class='ocrx_word' id='word_1_60' title='bbox 1270 925 1647 981; x_wconf 78' lang='lat' dir='ltr'>ecclesiastici</span> <span class='ocrx_word' id='word_1_61' title='bbox 1691 923 2010 979; x_wconf 91' lang='lat' dir='ltr'>canonisil-</span> 
     </span>
    </p>
   </div>
   <div class='ocr_carea' id='block_1_11' title="bbox 355 1012 2013 1088">
    <p class='ocr_par' dir='ltr' id='par_1_11' title="bbox 355 1012 2013 1088">
     <span class='ocr_line' id='line_1_11' title="bbox 355 1012 2013 1088; baseline -0.002 -16"><span class='ocrx_word' id='word_1_62' title='bbox 355 1016 459 1072; x_wconf 92' lang='lat' dir='ltr'>lud</span> <span class='ocrx_word' id='word_1_63' title='bbox 492 1020 600 1086; x_wconf 89' lang='lat' dir='ltr'>est,</span> <span class='ocrx_word' id='word_1_64' title='bbox 635 1032 742 1071; x_wconf 91' lang='lat' dir='ltr'>nec</span> <span class='ocrx_word' id='word_1_65' title='bbox 773 1015 951 1071; x_wconf 85' lang='lat' dir='ltr'>talem</span> <span class='ocrx_word' id='word_1_66' title='bbox 983 1031 1248 1088; x_wconf 90' lang='lat' dir='ltr'>unquam</span> <span class='ocrx_word' id='word_1_67' title='bbox 1271 1034 1306 1072; x_wconf 92' lang='lat' dir='ltr'>a</span> <span class='ocrx_word' id='word_1_68' title='bbox 1345 1014 1617 1070; x_wconf 88' lang='lat' dir='ltr'>Patribus</span> <span class='ocrx_word' id='word_1_69' title='bbox 1676 1012 2013 1085; x_wconf 90' lang='lat' dir='ltr'>accepimus</span> 
     </span>
    </p>
   </div>
   <div class='ocr_carea' id='block_1_12' title="bbox 355 1103 2011 1175">
    <p class='ocr_par' dir='ltr' id='par_1_12' title="bbox 355 1103 2011 1175">
     <span class='ocr_line' id='line_1_12' title="bbox 355 1103 2011 1175; baseline -0.003 -13"><span class='ocrx_word' id='word_1_70' title='bbox 355 1105 728 1162; x_wconf 85' lang='lat' dir='ltr'>traditionem</span> <span class='ocrx_word' id='word_1_71' title='bbox 757 1122 769 1160; x_wconf 89' lang='lat'>:</span> <span class='ocrx_word' id='word_1_72' title='bbox 805 1106 944 1175; x_wconf 89' lang='lat' dir='ltr'>quia</span> <span class='ocrx_word' id='word_1_73' title='bbox 972 1105 1238 1161; x_wconf 84' lang='lat' dir='ltr'>videlicet</span> <span class='ocrx_word' id='word_1_74' title='bbox 1264 1105 1612 1161; x_wconf 84' lang='lat' dir='ltr'>traditiones</span> <span class='ocrx_word' id='word_1_75' title='bbox 1641 1103 1757 1175; x_wconf 90' lang='lat' dir='ltr'>ipsi</span> <span class='ocrx_word' id='word_1_76' title='bbox 1779 1120 1813 1159; x_wconf 91' lang='lat' dir='ltr'>a</span> <span class='ocrx_word' id='word_1_77' title='bbox 1843 1103 2011 1158; x_wconf 88' lang='lat' dir='ltr'>beato</span> 
     </span>
    </p>
   </div>
   <div class='ocr_carea' id='block_1_13' title="bbox 357 1191 2012 1267">
    <p class='ocr_par' dir='ltr' id='par_1_13' title="bbox 357 1191 2012 1267">
     <span class='ocr_line' id='line_1_13' title="bbox 357 1191 2012 1267; baseline -0.002 -15"><span class='ocrx_word' id='word_1_78' title='bbox 357 1199 416 1252; x_wconf 90' lang='lat' dir='ltr'>et</span> <span class='ocrx_word' id='word_1_79' title='bbox 446 1211 658 1266; x_wconf 90' lang='lat' dir='ltr'>magno</span> <span class='ocrx_word' id='word_1_80' title='bbox 691 1193 952 1266; x_wconf 86' lang='lat' dir='ltr'>apostolo</span> <span class='ocrx_word' id='word_1_81' title='bbox 982 1195 1151 1251; x_wconf 91' lang='lat' dir='ltr'>Petro</span> <span class='ocrx_word' id='word_1_82' title='bbox 1182 1211 1475 1267; x_wconf 89' lang='lat' dir='ltr'>accepere.</span> <span class='ocrx_word' id='word_1_83' title='bbox 1511 1194 1622 1249; x_wconf 90' lang='lat' dir='ltr'>Sed</span> <span class='ocrx_word' id='word_1_84' title='bbox 1655 1192 1707 1248; x_wconf 91' lang='lat' dir='ltr'>si</span> <span class='ocrx_word' id='word_1_85' title='bbox 1754 1191 2012 1265; x_wconf 91' lang='lat' dir='ltr'>impera-</span> 
     </span>
    </p>
   </div>
   <div class='ocr_carea' id='block_1_14' title="bbox 358 1280 2010 1356">
    <p class='ocr_par' dir='ltr' id='par_1_14' title="bbox 358 1280 2010 1356">
     <span class='ocr_line' id='line_1_14' title="bbox 358 1280 2010 1356; baseline -0.002 -16"><span class='ocrx_word' id='word_1_86' title='bbox 358 1287 450 1340; x_wconf 91' lang='lat' dir='ltr'>tor</span> <span class='ocrx_word' id='word_1_87' title='bbox 479 1284 934 1340; x_wconf 85' lang='lat' dir='ltr'>ecclesiasticam</span> <span class='ocrx_word' id='word_1_88' title='bbox 966 1288 1133 1341; x_wconf 85' lang='lat' dir='ltr'>curat</span> <span class='ocrx_word' id='word_1_89' title='bbox 1163 1300 1403 1356; x_wconf 89' lang='lat' dir='ltr'>pacem;</span> <span class='ocrx_word' id='word_1_90' title='bbox 1449 1283 1498 1338; x_wconf 91' lang='lat' dir='ltr'>si</span> <span class='ocrx_word' id='word_1_91' title='bbox 1515 1284 1686 1354; x_wconf 92' lang='lat' dir='ltr'>jubet</span> <span class='ocrx_word' id='word_1_92' title='bbox 1741 1280 2010 1354; x_wconf 90' lang='lat' dir='ltr'>abrogari</span> 
     </span>
    </p>
   </div>
   <div class='ocr_carea' id='block_1_15' title="bbox 357 1373 2014 1446">
    <p class='ocr_par' dir='ltr' id='par_1_15' title="bbox 357 1373 2014 1446">
     <span class='ocr_line' id='line_1_15' title="bbox 357 1373 2014 1446; baseline -0.001 -17"><span class='ocrx_word' id='word_1_93' title='bbox 357 1391 485 1446; x_wconf 75' lang='lat' dir='ltr'>quae</span> <span class='ocrx_word' id='word_1_94' title='bbox 518 1373 672 1444; x_wconf 90' lang='lat' dir='ltr'>apud</span> <span class='ocrx_word' id='word_1_95' title='bbox 704 1390 812 1429; x_wconf 90' lang='lat' dir='ltr'>nos</span> <span class='ocrx_word' id='word_1_96' title='bbox 842 1390 945 1445; x_wconf 92' lang='lat' dir='ltr'>pro</span> <span class='ocrx_word' id='word_1_97' title='bbox 985 1373 1303 1429; x_wconf 86' lang='lat' dir='ltr'>Athanasio</span> <span class='ocrx_word' id='word_1_98' title='bbox 1362 1373 1582 1444; x_wconf 90' lang='lat' dir='ltr'>scripta</span> <span class='ocrx_word' id='word_1_99' title='bbox 1621 1375 1800 1438; x_wconf 86' lang='lat' dir='ltr'>sunt;</span> <span class='ocrx_word' id='word_1_100' title='bbox 1846 1373 2014 1427; x_wconf 90' lang='lat' dir='ltr'>abro-</span> 
     </span>
    </p>
   </div>
   <div class='ocr_carea' id='block_1_16' title="bbox 357 1461 2012 1534">
    <p class='ocr_par' dir='ltr' id='par_1_16' title="bbox 357 1461 2012 1534">
     <span class='ocr_line' id='line_1_16' title="bbox 357 1461 2012 1534; baseline -0.001 -16"><span class='ocrx_word' id='word_1_101' title='bbox 357 1467 572 1534; x_wconf 89' lang='lat' dir='ltr'>gentur</span> <span class='ocrx_word' id='word_1_102' title='bbox 599 1461 743 1518; x_wconf 89' lang='lat' dir='ltr'>item</span> <span class='ocrx_word' id='word_1_103' title='bbox 774 1479 1160 1534; x_wconf 81' lang='lat' dir='ltr'>quaecumque</span> <span class='ocrx_word' id='word_1_104' title='bbox 1185 1463 1258 1518; x_wconf 92' lang='lat' dir='ltr'>ab</span> <span class='ocrx_word' id='word_1_105' title='bbox 1283 1461 1402 1518; x_wconf 91' lang='lat' dir='ltr'>illis</span> <span class='ocrx_word' id='word_1_106' title='bbox 1435 1463 1718 1518; x_wconf 90' lang='lat' dir='ltr'>adversus</span> <span class='ocrx_word' id='word_1_107' title='bbox 1745 1477 1879 1517; x_wconf 91' lang='lat' dir='ltr'>eum</span> <span class='ocrx_word' id='word_1_108' title='bbox 1911 1477 2012 1534; x_wconf 91' lang='lat' dir='ltr'>ge-</span> 
     </span>
    </p>
   </div>
   <div class='ocr_carea' id='block_1_17' title="bbox 358 1549 2013 1623">
    <p class='ocr_par' dir='ltr' id='par_1_17' title="bbox 358 1549 2013 1623">
     <span class='ocr_line' id='line_1_17' title="bbox 358 1549 2013 1623; baseline 0 -17"><span class='ocrx_word' id='word_1_109' title='bbox 358 1556 450 1606; x_wconf 84' lang='lat' dir='ltr'>sta</span> <span class='ocrx_word' id='word_1_110' title='bbox 480 1550 728 1620; x_wconf 87' lang='lat' dir='ltr'>fuerint;</span> <span class='ocrx_word' id='word_1_111' title='bbox 763 1553 1115 1623; x_wconf 86' lang='lat' dir='ltr'>abrogentur</span> <span class='ocrx_word' id='word_1_112' title='bbox 1147 1569 1273 1623; x_wconf 60' lang='lat' dir='ltr'>quae</span> <span class='ocrx_word' id='word_1_113' title='bbox 1329 1553 1610 1607; x_wconf 89' lang='lat' dir='ltr'>adversus</span> <span class='ocrx_word' id='word_1_114' title='bbox 1668 1549 1814 1606; x_wconf 91' lang='lat' dir='ltr'>alios</span> <span class='ocrx_word' id='word_1_115' title='bbox 1873 1558 2013 1606; x_wconf 90' lang='lat' dir='ltr'>sunt</span> 
     </span>
    </p>
   </div>
   <div class='ocr_carea' id='block_1_18' title="bbox 361 1639 2012 1713">
    <p class='ocr_par' dir='ltr' id='par_1_18' title="bbox 361 1639 2012 1713">
     <span class='ocr_line' id='line_1_18' title="bbox 361 1639 2012 1713; baseline 0 -17"><span class='ocrx_word' id='word_1_116' title='bbox 361 1644 491 1696; x_wconf 90' lang='lat' dir='ltr'>acta</span> <span class='ocrx_word' id='word_1_117' title='bbox 518 1656 530 1694; x_wconf 94' lang='lat'>:</span> <span class='ocrx_word' id='word_1_118' title='bbox 565 1657 632 1696; x_wconf 93' lang='lat' dir='ltr'>ac</span> <span class='ocrx_word' id='word_1_119' title='bbox 663 1641 901 1695; x_wconf 91' lang='lat' dir='ltr'>demum</span> <span class='ocrx_word' id='word_1_120' title='bbox 934 1639 1332 1697; x_wconf 86' lang='lat' dir='ltr'>ecclesiastica</span> <span class='ocrx_word' id='word_1_121' title='bbox 1364 1642 1624 1713; x_wconf 86' lang='lat' dir='ltr'>synodus</span> <span class='ocrx_word' id='word_1_122' title='bbox 1659 1639 1860 1712; x_wconf 87' lang='lat' dir='ltr'>procul</span> <span class='ocrx_word' id='word_1_123' title='bbox 1912 1641 2012 1696; x_wconf 88' lang='lat' dir='ltr'>Pa-</span> 
     </span>
    </p>
   </div>
   <div class='ocr_carea' id='block_1_19' title="bbox 361 1727 2012 1802">
    <p class='ocr_par' dir='ltr' id='par_1_19' title="bbox 361 1727 2012 1802">
     <span class='ocr_line' id='line_1_19' title="bbox 361 1727 2012 1802; baseline 0.001 -18"><span class='ocrx_word' id='word_1_124' title='bbox 361 1727 500 1784; x_wconf 88' lang='lat' dir='ltr'>latio</span> <span class='ocrx_word' id='word_1_125' title='bbox 531 1734 792 1802; x_wconf 87' lang='lat' dir='ltr'>cogatur,</span> <span class='ocrx_word' id='word_1_126' title='bbox 825 1729 927 1784; x_wconf 93' lang='lat' dir='ltr'>ubi</span> <span class='ocrx_word' id='word_1_127' title='bbox 957 1746 1062 1785; x_wconf 92' lang='lat' dir='ltr'>nec</span> <span class='ocrx_word' id='word_1_128' title='bbox 1119 1730 1439 1802; x_wconf 83' lang='lat' dir='ltr'>imperator</span> <span class='ocrx_word' id='word_1_129' title='bbox 1503 1732 1855 1802; x_wconf 86' lang='lat' dir='ltr'>compareat,</span> <span class='ocrx_word' id='word_1_130' title='bbox 1904 1745 2012 1785; x_wconf 88' lang='lat' dir='ltr'>nec</span> 
     </span>
    </p>
   </div>
   <div class='ocr_carea' id='block_1_20' title="bbox 363 1818 2086 1917">
    <p class='ocr_par' dir='ltr' id='par_1_20' title="bbox 363 1818 2086 1917">
     <span class='ocr_line' id='line_1_20' title="bbox 363 1818 2086 1917; baseline -0.002 -41"><span class='ocrx_word' id='word_1_131' title='bbox 363 1834 559 1876; x_wconf 92' lang='lat' dir='ltr'>comes</span> <span class='ocrx_word' id='word_1_132' title='bbox 600 1819 859 1887; x_wconf 89' lang='lat' dir='ltr'>accedat,</span> <span class='ocrx_word' id='word_1_133' title='bbox 892 1835 994 1874; x_wconf 92' lang='lat' dir='ltr'>nec</span> <span class='ocrx_word' id='word_1_134' title='bbox 1016 1818 1638 1905; x_wconf 43' lang='lat' dir='ltr'>judexpomminetur,</span> <span class='ocrx_word' id='word_1_135' title='bbox 1675 1819 1776 1874; x_wconf 91' lang='lat' dir='ltr'>sed</span> <span class='ocrx_word' id='word_1_136' title='bbox 1801 1819 1897 1874; x_wconf 91' lang='lat' dir='ltr'>Dei</span> <span class='ocrx_word' id='word_1_137' title='bbox 1937 1819 2009 1873; x_wconf 87' lang='lat' dir='ltr'>ti-</span> <span class='ocrx_word' id='word_1_138' title='bbox 2039 1853 2086 1917; x_wconf 80' lang='grc' dir='ltr'><strong>Β</strong></span> 
     </span>
    </p>
   </div>
   <div class='ocr_carea' id='block_1_21' title="bbox 359 1890 2010 1980">
    <p class='ocr_par' dir='ltr' id='par_1_21' title="bbox 359 1890 2010 1980">
     <span class='ocr_line' id='line_1_21' title="bbox 359 1890 2010 1980; baseline 0.002 -18"><span class='ocrx_word' id='word_1_139' title='bbox 359 1924 488 1963; x_wconf 92' lang='lat' dir='ltr'>mor</span> <span class='ocrx_word' id='word_1_140' title='bbox 517 1908 774 1964; x_wconf 83' lang='lat' dir='ltr'>sufﬁciat</span> <span class='ocrx_word' id='word_1_141' title='bbox 804 1925 937 1963; x_wconf 91' lang='lat' dir='ltr'>cum</span> <span class='ocrx_word' id='word_1_142' title='bbox 961 1890 1282 1980; x_wconf 65' lang='lat' dir='ltr'>apostolica</span> <span class='ocrx_word' id='word_1_143' title='bbox 1312 1908 1727 1965; x_wconf 89' lang='lat' dir='ltr'>constitutione</span> <span class='ocrx_word' id='word_1_144' title='bbox 1755 1925 1767 1962; x_wconf 94' lang='lat'>:</span> <span class='ocrx_word' id='word_1_145' title='bbox 1823 1913 1888 1964; x_wconf 92' lang='lat' dir='ltr'>ut</span> <span class='ocrx_word' id='word_1_146' title='bbox 1943 1925 2010 1965; x_wconf 89' lang='lat' dir='ltr'>eo</span> 
     </span>
    </p>
   </div>
   <div class='ocr_carea' id='block_1_22' title="bbox 363 1996 2008 2070">
    <p class='ocr_par' dir='ltr' id='par_1_22' title="bbox 363 1996 2008 2070">
     <span class='ocr_line' id='line_1_22' title="bbox 363 1996 2008 2070; baseline 0.001 -17"><span class='ocrx_word' id='word_1_147' title='bbox 363 1998 537 2054; x_wconf 90' lang='lat' dir='ltr'>modo</span> <span class='ocrx_word' id='word_1_148' title='bbox 593 2013 728 2053; x_wconf 93' lang='lat' dir='ltr'>cum</span> <span class='ocrx_word' id='word_1_149' title='bbox 776 1996 983 2069; x_wconf 79' lang='lat' dir='ltr'>primis</span> <span class='ocrx_word' id='word_1_150' title='bbox 1041 1997 1438 2053; x_wconf 89' lang='lat' dir='ltr'>ecclesiastica</span> <span class='ocrx_word' id='word_1_151' title='bbox 1512 2001 1777 2053; x_wconf 90' lang='lat' dir='ltr'>servetur</span> <span class='ocrx_word' id='word_1_152' title='bbox 1841 1997 2008 2070; x_wconf 81' lang='lat' dir='ltr'>fides,</span> 
     </span>
    </p>
   </div>
   <div class='ocr_carea' id='block_1_23' title="bbox 361 2085 2013 2159">
    <p class='ocr_par' dir='ltr' id='par_1_23' title="bbox 361 2085 2013 2159">
     <span class='ocr_line' id='line_1_23' title="bbox 361 2085 2013 2159; baseline -0.001 -17"><span class='ocrx_word' id='word_1_153' title='bbox 361 2091 538 2158; x_wconf 87' lang='lat' dir='ltr'>prout</span> <span class='ocrx_word' id='word_1_154' title='bbox 567 2103 601 2141; x_wconf 92' lang='lat' dir='ltr'>a</span> <span class='ocrx_word' id='word_1_155' title='bbox 628 2085 894 2142; x_wconf 88' lang='lat' dir='ltr'>Patribus</span> <span class='ocrx_word' id='word_1_156' title='bbox 924 2086 984 2142; x_wconf 93' lang='lat' dir='ltr'>in</span> <span class='ocrx_word' id='word_1_157' title='bbox 1007 2086 1239 2142; x_wconf 67' lang='lat' dir='ltr'>Nicana</span> <span class='ocrx_word' id='word_1_158' title='bbox 1269 2087 1490 2159; x_wconf 84' lang='lat' dir='ltr'>synodo</span> <span class='ocrx_word' id='word_1_159' title='bbox 1553 2087 1706 2144; x_wconf 77' lang='lat'>289</span> <span class='ocrx_word' id='word_1_160' title='bbox 1767 2087 2013 2143; x_wconf 82' lang='lat' dir='ltr'>definita</span> 
     </span>
    </p>
   </div>
   <div class='ocr_carea' id='block_1_24' title="bbox 364 2175 2014 2248">
    <p class='ocr_par' dir='ltr' id='par_1_24' title="bbox 364 2175 2014 2248">
     <span class='ocr_line' id='line_1_24' title="bbox 364 2175 2014 2248; baseline 0.001 -18"><span class='ocrx_word' id='word_1_161' title='bbox 364 2175 923 2247; x_wconf 85' lang='lat' dir='ltr'>est.EjicianturArii</span> <span class='ocrx_word' id='word_1_162' title='bbox 938 2175 2014 2248; x_wconf 79' lang='lat' dir='ltr'>sectatores,anathematequeamned-</span> 
     </span>
    </p>
   </div>
   <div class='ocr_carea' id='block_1_25' title="bbox 364 2264 2013 2336">
    <p class='ocr_par' dir='ltr' id='par_1_25' title="bbox 364 2264 2013 2336">
     <span class='ocr_line' id='line_1_25' title="bbox 364 2264 2013 2336; baseline 0.001 -16"><span class='ocrx_word' id='word_1_163' title='bbox 364 2269 463 2321; x_wconf 91' lang='lat' dir='ltr'>tur</span> <span class='ocrx_word' id='word_1_164' title='bbox 489 2281 691 2320; x_wconf 90' lang='lat' dir='ltr'>eorum</span> <span class='ocrx_word' id='word_1_165' title='bbox 720 2264 976 2320; x_wconf 64' lang='lat' dir='ltr'>haeresis.</span> <span class='ocrx_word' id='word_1_166' title='bbox 1011 2267 1090 2320; x_wconf 91' lang='lat' dir='ltr'>Ac</span> <span class='ocrx_word' id='word_1_167' title='bbox 1121 2265 1360 2320; x_wconf 91' lang='lat' dir='ltr'>demum</span> <span class='ocrx_word' id='word_1_168' title='bbox 1381 2264 1608 2336; x_wconf 88' lang='lat' dir='ltr'>judicio</span> <span class='ocrx_word' id='word_1_169' title='bbox 1657 2265 1882 2320; x_wconf 88' lang='lat' dir='ltr'>reddito</span> <span class='ocrx_word' id='word_1_170' title='bbox 1943 2265 2013 2321; x_wconf 91' lang='lat' dir='ltr'>de</span> 
     </span>
    </p>
   </div>
   <div class='ocr_carea' id='block_1_26' title="bbox 361 2353 2012 2426">
    <p class='ocr_par' dir='ltr' id='par_1_26' title="bbox 361 2353 2012 2426">
     <span class='ocr_line' id='line_1_26' title="bbox 361 2353 2012 2426; baseline 0 -15"><span class='ocrx_word' id='word_1_171' title='bbox 361 2354 710 2411; x_wconf 89' lang='lat' dir='ltr'>criminibus</span> <span class='ocrx_word' id='word_1_172' title='bbox 740 2356 799 2409; x_wconf 92' lang='lat' dir='ltr'>in</span> <span class='ocrx_word' id='word_1_173' title='bbox 831 2353 1332 2420; x_wconf 85' lang='lat' dir='ltr'>Athanasium,vel</span> <span class='ocrx_word' id='word_1_174' title='bbox 1353 2354 1410 2409; x_wconf 90' lang='lat' dir='ltr'>in</span> <span class='ocrx_word' id='word_1_175' title='bbox 1443 2353 1624 2410; x_wconf 89' lang='lat' dir='ltr'>alium</span> <span class='ocrx_word' id='word_1_176' title='bbox 1673 2355 2012 2426; x_wconf 89' lang='lat' dir='ltr'>quempiam</span> 
     </span>
    </p>
   </div>
   <div class='ocr_carea' id='block_1_27' title="bbox 363 2441 2015 2515">
    <p class='ocr_par' dir='ltr' id='par_1_27' title="bbox 363 2441 2015 2515">
     <span class='ocr_line' id='line_1_27' title="bbox 363 2441 2015 2515; baseline -0.001 -15"><span class='ocrx_word' id='word_1_177' title='bbox 363 2443 591 2500; x_wconf 90' lang='lat' dir='ltr'>allatis:</span> <span class='ocrx_word' id='word_1_178' title='bbox 654 2443 725 2499; x_wconf 95' lang='lat' dir='ltr'>de</span> <span class='ocrx_word' id='word_1_179' title='bbox 781 2442 1127 2498; x_wconf 89' lang='lat' dir='ltr'>criminibus</span> <span class='ocrx_word' id='word_1_180' title='bbox 1177 2443 1318 2498; x_wconf 91' lang='lat' dir='ltr'>item</span> <span class='ocrx_word' id='word_1_181' title='bbox 1378 2441 1594 2515; x_wconf 90' lang='lat' dir='ltr'>quibus</span> <span class='ocrx_word' id='word_1_182' title='bbox 1661 2447 2015 2499; x_wconf 87' lang='lat' dir='ltr'>accusantur</span> 
     </span>
    </p>
   </div>
   <div class='ocr_carea' id='block_1_28' title="bbox 360 2531 2017 2605">
    <p class='ocr_par' dir='ltr' id='par_1_28' title="bbox 360 2531 2017 2605">
     <span class='ocr_line' id='line_1_28' title="bbox 360 2531 2017 2605; baseline -0.001 -17"><span class='ocrx_word' id='word_1_183' title='bbox 360 2532 486 2601; x_wconf 88' lang='lat' dir='ltr'>illi;</span> <span class='ocrx_word' id='word_1_184' title='bbox 519 2537 662 2588; x_wconf 91' lang='lat' dir='ltr'>tunc</span> <span class='ocrx_word' id='word_1_185' title='bbox 693 2533 931 2587; x_wconf 90' lang='lat' dir='ltr'>demum</span> <span class='ocrx_word' id='word_1_186' title='bbox 964 2532 1048 2588; x_wconf 91' lang='lat' dir='ltr'>rei</span> <span class='ocrx_word' id='word_1_187' title='bbox 1068 2531 1686 2605; x_wconf 82' lang='lat' dir='ltr'>expellantur,innoxii</span> <span class='ocrx_word' id='word_1_188' title='bbox 1712 2549 1847 2587; x_wconf 91' lang='lat' dir='ltr'>cum</span> <span class='ocrx_word' id='word_1_189' title='bbox 1871 2533 2017 2587; x_wconf 90' lang='lat' dir='ltr'>ﬁdu-</span> 
     </span>
    </p>
   </div>
   <div class='ocr_carea' id='block_1_29' title="bbox 364 2621 2016 2694">
    <p class='ocr_par' dir='ltr' id='par_1_29' title="bbox 364 2621 2016 2694">
     <span class='ocr_line' id='line_1_29' title="bbox 364 2621 2016 2694; baseline -0.001 -16"><span class='ocrx_word' id='word_1_190' title='bbox 364 2623 454 2678; x_wconf 88' lang='lat' dir='ltr'>cia</span> <span class='ocrx_word' id='word_1_191' title='bbox 482 2626 540 2678; x_wconf 90' lang='lat' dir='ltr'>et</span> <span class='ocrx_word' id='word_1_192' title='bbox 569 2622 883 2678; x_wconf 86' lang='lat' dir='ltr'>securitate</span> <span class='ocrx_word' id='word_1_193' title='bbox 909 2622 1144 2694; x_wconf 85' lang='lat' dir='ltr'>degant.</span> <span class='ocrx_word' id='word_1_194' title='bbox 1178 2621 1377 2693; x_wconf 92' lang='lat' dir='ltr'>Neque</span> <span class='ocrx_word' id='word_1_195' title='bbox 1424 2621 1582 2676; x_wconf 90' lang='lat' dir='ltr'>enim</span> <span class='ocrx_word' id='word_1_196' title='bbox 1639 2621 1726 2676; x_wconf 89' lang='lat' dir='ltr'>fas</span> <span class='ocrx_word' id='word_1_197' title='bbox 1782 2625 1874 2678; x_wconf 89' lang='lat' dir='ltr'>est</span> <span class='ocrx_word' id='word_1_198' title='bbox 1916 2638 2016 2677; x_wconf 91' lang='lat' dir='ltr'>eos</span> 
     </span>
    </p>
   </div>
   <div class='ocr_carea' id='block_1_30' title="bbox 365 2709 2017 2784">
    <p class='ocr_par' dir='ltr' id='par_1_30' title="bbox 365 2709 2017 2784">
     <span class='ocr_line' id='line_1_30' title="bbox 365 2709 2017 2784; baseline 0.001 -18"><span class='ocrx_word' id='word_1_199' title='bbox 365 2712 585 2784; x_wconf 77' lang='lat' dir='ltr'>synodo</span> <span class='ocrx_word' id='word_1_200' title='bbox 607 2711 1006 2777; x_wconf 85' lang='lat' dir='ltr'>adnumerari,</span> <span class='ocrx_word' id='word_1_201' title='bbox 1039 2710 1141 2781; x_wconf 90' lang='lat' dir='ltr'>qui</span> <span class='ocrx_word' id='word_1_202' title='bbox 1202 2711 1316 2764; x_wconf 88' lang='lat' dir='ltr'>fide</span> <span class='ocrx_word' id='word_1_203' title='bbox 1365 2709 1529 2782; x_wconf 90' lang='lat' dir='ltr'>impii</span> <span class='ocrx_word' id='word_1_204' title='bbox 1595 2715 1770 2767; x_wconf 89' lang='lat' dir='ltr'>sunt:</span> <span class='ocrx_word' id='word_1_205' title='bbox 1825 2727 2017 2784; x_wconf 89' lang='lat' dir='ltr'>neque</span> 
     </span>
    </p>
   </div>
   <div class='ocr_carea' id='block_1_31' title="bbox 363 2798 2018 2872">
    <p class='ocr_par' dir='ltr' id='par_1_31' title="bbox 363 2798 2018 2872">
     <span class='ocr_line' id='line_1_31' title="bbox 363 2798 2018 2872; baseline 0 -16"><span class='ocrx_word' id='word_1_206' title='bbox 363 2800 634 2856; x_wconf 90' lang='lat' dir='ltr'>convenit</span> <span class='ocrx_word' id='word_1_207' title='bbox 678 2799 813 2854; x_wconf 84' lang='lat' dir='ltr'>fidei</span> <span class='ocrx_word' id='word_1_208' title='bbox 853 2798 1224 2870; x_wconf 83' lang='lat' dir='ltr'>inquisitioni</span> <span class='ocrx_word' id='word_1_209' title='bbox 1283 2798 1526 2854; x_wconf 87' lang='lat' dir='ltr'>alterius</span> <span class='ocrx_word' id='word_1_210' title='bbox 1587 2800 1874 2872; x_wconf 89' lang='lat' dir='ltr'>cujusque</span> <span class='ocrx_word' id='word_1_211' title='bbox 1923 2817 2018 2856; x_wconf 91' lang='lat' dir='ltr'>ne-</span> 
     </span>
    </p>
   </div>
   <div class='ocr_carea' id='block_1_32' title="bbox 363 2887 2014 2961">
    <p class='ocr_par' dir='ltr' id='par_1_32' title="bbox 363 2887 2014 2961">
     <span class='ocr_line' id='line_1_32' title="bbox 363 2887 2014 2961; baseline 0 -17"><span class='ocrx_word' id='word_1_212' title='bbox 363 2889 500 2961; x_wconf 86' lang='lat' dir='ltr'>gotii</span> <span class='ocrx_word' id='word_1_213' title='bbox 533 2887 977 2960; x_wconf 79' lang='lat' dir='ltr'>inquisitionem</span> <span class='ocrx_word' id='word_1_214' title='bbox 1008 2887 1310 2943; x_wconf 85' lang='lat' dir='ltr'>anteferri.</span> <span class='ocrx_word' id='word_1_215' title='bbox 1347 2887 1608 2943; x_wconf 90' lang='lat' dir='ltr'>Primum</span> <span class='ocrx_word' id='word_1_216' title='bbox 1642 2888 1856 2961; x_wconf 90' lang='lat' dir='ltr'>quippe</span> <span class='ocrx_word' id='word_1_217' title='bbox 1889 2905 2014 2944; x_wconf 87' lang='lat' dir='ltr'>om-</span> 
     </span>
    </p>
   </div>
   <div class='ocr_carea' id='block_1_33' title="bbox 366 2975 2016 3046">
    <p class='ocr_par' dir='ltr' id='par_1_33' title="bbox 366 2975 2016 3046">
     <span class='ocr_line' id='line_1_33' title="bbox 366 2975 2016 3046; baseline -0.001 -13"><span class='ocrx_word' id='word_1_218' title='bbox 366 2977 460 3033; x_wconf 91' lang='lat' dir='ltr'>nis</span> <span class='ocrx_word' id='word_1_219' title='bbox 478 2977 674 3033; x_wconf 84' lang='lat' dir='ltr'>defide</span> <span class='ocrx_word' id='word_1_220' title='bbox 722 2975 1012 3032; x_wconf 87' lang='lat' dir='ltr'>dissensio</span> <span class='ocrx_word' id='word_1_221' title='bbox 1052 2977 1468 3046; x_wconf 89' lang='lat' dir='ltr'>abscindenda,</span> <span class='ocrx_word' id='word_1_222' title='bbox 1504 2993 1568 3032; x_wconf 94' lang='lat' dir='ltr'>ac</span> <span class='ocrx_word' id='word_1_223' title='bbox 1600 2981 1726 3032; x_wconf 91' lang='lat' dir='ltr'>tum</span> <span class='ocrx_word' id='word_1_224' title='bbox 1775 2978 2016 3033; x_wconf 90' lang='lat' dir='ltr'>demum</span> 
     </span>
    </p>
   </div>
   <div class='ocr_carea' id='block_1_34' title="bbox 364 3065 2019 3139">
    <p class='ocr_par' dir='ltr' id='par_1_34' title="bbox 364 3065 2019 3139">
     <span class='ocr_line' id='line_1_34' title="bbox 364 3065 2019 3139; baseline -0.001 -16"><span class='ocrx_word' id='word_1_225' title='bbox 364 3067 436 3123; x_wconf 93' lang='lat' dir='ltr'>de</span> <span class='ocrx_word' id='word_1_226' title='bbox 467 3065 598 3122; x_wconf 91' lang='lat' dir='ltr'>aliis</span> <span class='ocrx_word' id='word_1_227' title='bbox 637 3070 932 3138; x_wconf 70' lang='lat' dir='ltr'>quaeratur</span> <span class='ocrx_word' id='word_1_228' title='bbox 962 3065 1230 3139; x_wconf 89' lang='lat' dir='ltr'>negotiis.</span> <span class='ocrx_word' id='word_1_229' title='bbox 1272 3066 1419 3121; x_wconf 89' lang='lat' dir='ltr'>Nam</span> <span class='ocrx_word' id='word_1_230' title='bbox 1478 3065 1763 3122; x_wconf 90' lang='lat' dir='ltr'>Dominus</span> <span class='ocrx_word' id='word_1_231' title='bbox 1821 3070 2019 3123; x_wconf 90' lang='lat' dir='ltr'>noster</span> 
     </span>
    </p>
   </div>
   <div class='ocr_carea' id='block_1_35' title="bbox 363 3154 2014 3228">
    <p class='ocr_par' dir='ltr' id='par_1_35' title="bbox 363 3154 2014 3228">
     <span class='ocr_line' id='line_1_35' title="bbox 363 3154 2014 3228; baseline -0.001 -15"><span class='ocrx_word' id='word_1_232' title='bbox 363 3157 538 3213; x_wconf 88' lang='lat' dir='ltr'>Jesus</span> <span class='ocrx_word' id='word_1_233' title='bbox 569 3154 835 3211; x_wconf 88' lang='lat' dir='ltr'>Christus</span> <span class='ocrx_word' id='word_1_234' title='bbox 885 3172 1000 3211; x_wconf 91' lang='lat' dir='ltr'>non</span> <span class='ocrx_word' id='word_1_235' title='bbox 1051 3158 1183 3210; x_wconf 88' lang='lat' dir='ltr'>ante</span> <span class='ocrx_word' id='word_1_236' title='bbox 1215 3155 1442 3210; x_wconf 88' lang='lat' dir='ltr'>curavit</span> <span class='ocrx_word' id='word_1_237' title='bbox 1501 3160 1772 3228; x_wconf 74' lang='lat' dir='ltr'>aegrotos,</span> <span class='ocrx_word' id='word_1_238' title='bbox 1836 3173 2014 3228; x_wconf 90' lang='lat' dir='ltr'>quam</span> 
     </span>
    </p>
   </div>
   <div class='ocr_carea' id='block_1_36' title="bbox 2126 556 3781 638">
    <p class='ocr_par' dir='ltr' id='par_1_36' title="bbox 2126 556 3781 638">
     <span class='ocr_line' id='line_1_36' title="bbox 2126 556 3781 638; baseline -0.003 -22"><span class='ocrx_word' id='word_1_239' title='bbox 2126 561 2426 631; x_wconf 77' lang='grc' dir='ltr'>Ἐκκλησία</span> <span class='ocrx_word' id='word_1_240' title='bbox 2460 563 2575 635; x_wconf 86' lang='grc' dir='ltr'>μετ’</span> <span class='ocrx_word' id='word_1_241' title='bbox 2606 561 2835 638; x_wconf 75' lang='grc' dir='ltr'>εἰρήνης</span> <span class='ocrx_word' id='word_1_242' title='bbox 2885 559 3140 634; x_wconf 85' lang='grc' dir='ltr'>ἀπέλυσε,</span> <span class='ocrx_word' id='word_1_243' title='bbox 3185 563 3305 622; x_wconf 79' lang='grc' dir='ltr'>πῶς</span> <span class='ocrx_word' id='word_1_244' title='bbox 3357 556 3628 632; x_wconf 82' lang='grc' dir='ltr'>δυνάμεθα</span> <span class='ocrx_word' id='word_1_245' title='bbox 3681 573 3781 611; x_wconf 87' lang='grc' dir='ltr'>κα-</span> 
     </span>
    </p>
   </div>
   <div class='ocr_carea' id='block_1_37' title="bbox 2119 645 3784 728">
    <p class='ocr_par' dir='ltr' id='par_1_37' title="bbox 2119 645 3784 728">
     <span class='ocr_line' id='line_1_37' title="bbox 2119 645 3784 728; baseline -0.002 -22"><span class='ocrx_word' id='word_1_246' title='bbox 2119 657 2366 728; x_wconf 85' lang='grc' dir='ltr'>τακρῖναι</span> <span class='ocrx_word' id='word_1_247' title='bbox 2409 671 2422 720; x_wconf 90' lang='grc'><strong>;</strong></span> <span class='ocrx_word' id='word_1_248' title='bbox 2471 657 2537 706; x_wconf 76' lang='grc' dir='ltr'><em>’Π</em></span> <span class='ocrx_word' id='word_1_249' title='bbox 2584 651 2668 714; x_wconf 88' lang='grc' dir='ltr'>τίς</span> <span class='ocrx_word' id='word_1_250' title='bbox 2717 654 2868 724; x_wconf 75' lang='grc' dir='ltr'>ἡμᾶς</span> <span class='ocrx_word' id='word_1_251' title='bbox 2920 648 3255 722; x_wconf 71' lang='grc' dir='ltr'>ἀποδέξεται,</span> <span class='ocrx_word' id='word_1_252' title='bbox 3316 648 3362 704; x_wconf 81' lang='grc' dir='ltr'>εἰ</span> <span class='ocrx_word' id='word_1_253' title='bbox 3420 648 3478 704; x_wconf 81' lang='grc' dir='ltr'>ὃν</span> <span class='ocrx_word' id='word_1_254' title='bbox 3539 645 3784 722; x_wconf 89' lang='grc' dir='ltr'>παρόντα</span> 
     </span>
    </p>
   </div>
   <div class='ocr_carea' id='block_1_38' title="bbox 2121 735 3778 817">
    <p class='ocr_par' dir='ltr' id='par_1_38' title="bbox 2121 735 3778 817">
     <span class='ocr_line' id='line_1_38' title="bbox 2121 735 3778 817; baseline -0.002 -22"><span class='ocrx_word' id='word_1_255' title='bbox 2121 742 2505 816; x_wconf 68' lang='grc' dir='ltr'>ἠγαπήσαμεν,</span> <span class='ocrx_word' id='word_1_256' title='bbox 2563 741 2653 795; x_wconf 87' lang='grc' dir='ltr'>καὶ</span> <span class='ocrx_word' id='word_1_257' title='bbox 2704 738 2926 817; x_wconf 71' lang='grc' dir='ltr'>εἶ’χομεν</span> <span class='ocrx_word' id='word_1_258' title='bbox 2983 744 3053 815; x_wconf 80' lang='grc' dir='ltr'>τῇ</span> <span class='ocrx_word' id='word_1_259' title='bbox 3108 738 3390 812; x_wconf 78' lang='grc' dir='ltr'>κοινωνίᾳ,</span> <span class='ocrx_word' id='word_1_260' title='bbox 3447 741 3638 792; x_wconf 79' lang='grc' dir='ltr'>τοῦτον</span> <span class='ocrx_word' id='word_1_261' title='bbox 3690 735 3778 792; x_wconf 72' lang='grc' dir='ltr'>ἐὰν</span> 
     </span>
    </p>
   </div>
   <div class='ocr_carea' id='block_1_39' title="bbox 2122 825 3780 909">
    <p class='ocr_par' dir='ltr' id='par_1_39' title="bbox 2122 825 3780 909">
     <span class='ocr_line' id='line_1_39' title="bbox 2122 825 3780 909; baseline -0.002 -25"><span class='ocrx_word' id='word_1_262' title='bbox 2122 831 2557 909; x_wconf 74' lang='grc' dir='ltr'>ἀποπραφῶμεν</span> <span class='ocrx_word' id='word_1_263' title='bbox 2591 829 2793 885; x_wconf 82' lang='grc' dir='ltr'>ἀπόντα</span> <span class='ocrx_word' id='word_1_264' title='bbox 2822 850 2834 900; x_wconf 90' lang='grc'><strong>;</strong></span> <span class='ocrx_word' id='word_1_265' title='bbox 2870 829 2980 885; x_wconf 83' lang='grc' dir='ltr'>Οὐκ</span> <span class='ocrx_word' id='word_1_266' title='bbox 3027 828 3167 884; x_wconf 80' lang='grc' dir='ltr'>ἔστιν</span> <span class='ocrx_word' id='word_1_267' title='bbox 3205 828 3364 890; x_wconf 79' lang='grc' dir='ltr'>οὗτος</span> <span class='ocrx_word' id='word_1_268' title='bbox 3397 825 3780 898; x_wconf 86' lang='grc' dir='ltr'>ἐκκλησιαστι-</span> 
     </span>
    </p>
   </div>
   <div class='ocr_carea' id='block_1_40' title="bbox 2121 913 3776 994">
    <p class='ocr_par' dir='ltr' id='par_1_40' title="bbox 2121 913 3776 994">
     <span class='ocr_line' id='line_1_40' title="bbox 2121 913 3776 994; baseline -0.003 -19"><span class='ocrx_word' id='word_1_269' title='bbox 2121 920 2216 982; x_wconf 83' lang='grc' dir='ltr'>κὸς</span> <span class='ocrx_word' id='word_1_270' title='bbox 2240 921 2440 988; x_wconf 86' lang='grc' dir='ltr'>κανὼν,</span> <span class='ocrx_word' id='word_1_271' title='bbox 2475 917 2597 974; x_wconf 62' lang='grc' dir='ltr'>οὔτε</span> <span class='ocrx_word' id='word_1_272' title='bbox 2623 918 2880 991; x_wconf 74' lang='grc' dir='ltr'>τοιαύτην</span> <span class='ocrx_word' id='word_1_273' title='bbox 2915 920 3140 974; x_wconf 84' lang='grc' dir='ltr'>πώποτε</span> <span class='ocrx_word' id='word_1_274' title='bbox 3187 915 3486 994; x_wconf 75' lang='grc' dir='ltr'>παράδοσιν</span> <span class='ocrx_word' id='word_1_275' title='bbox 3539 913 3776 992; x_wconf 78' lang='grc' dir='ltr'>ἔσχομεν</span> 
     </span>
    </p>
   </div>
   <div class='ocr_carea' id='block_1_41' title="bbox 2122 1001 3776 1086">
    <p class='ocr_par' dir='ltr' id='par_1_41' title="bbox 2122 1001 3776 1086">
     <span class='ocr_line' id='line_1_41' title="bbox 2122 1001 3776 1086; baseline -0.002 -22"><span class='ocrx_word' id='word_1_276' title='bbox 2122 1010 2268 1084; x_wconf 74' lang='grc' dir='ltr'>παρὰ</span> <span class='ocrx_word' id='word_1_277' title='bbox 2304 1014 2411 1064; x_wconf 81' lang='grc' dir='ltr'>τῶν</span> <span class='ocrx_word' id='word_1_278' title='bbox 2465 1010 2718 1086; x_wconf 80' lang='grc' dir='ltr'>Ιιατέρων</span> <span class='ocrx_word' id='word_1_279' title='bbox 2747 1052 2760 1078; x_wconf 93' lang='grc'>,</span> <span class='ocrx_word' id='word_1_280' title='bbox 2804 1014 2912 1064; x_wconf 80' lang='grc' dir='ltr'>τῶν</span> <span class='ocrx_word' id='word_1_281' title='bbox 2967 1008 3058 1063; x_wconf 86' lang='grc' dir='ltr'>καὶ</span> <span class='ocrx_word' id='word_1_282' title='bbox 3118 1007 3293 1062; x_wconf 78' lang='grc' dir='ltr'>αὐτῶν</span> <span class='ocrx_word' id='word_1_283' title='bbox 3343 1001 3776 1084; x_wconf 74' lang='grc' dir='ltr'>παραλαϐόντων</span> 
     </span>
    </p>
   </div>
   <div class='ocr_carea' id='block_1_42' title="bbox 2121 1093 3773 1175">
    <p class='ocr_par' dir='ltr' id='par_1_42' title="bbox 2121 1093 3773 1175">
     <span class='ocr_line' id='line_1_42' title="bbox 2121 1093 3773 1175; baseline 0 -22"><span class='ocrx_word' id='word_1_284' title='bbox 2121 1101 2268 1175; x_wconf 72' lang='grc' dir='ltr'>παρὰ</span> <span class='ocrx_word' id='word_1_285' title='bbox 2296 1103 2391 1154; x_wconf 79' lang='grc' dir='ltr'>τοῦ</span> <span class='ocrx_word' id='word_1_286' title='bbox 2446 1099 2712 1174; x_wconf 78' lang='grc' dir='ltr'>μακαρίου</span> <span class='ocrx_word' id='word_1_287' title='bbox 2743 1099 2832 1153; x_wconf 81' lang='grc' dir='ltr'>καὶ</span> <span class='ocrx_word' id='word_1_288' title='bbox 2885 1095 3130 1174; x_wconf 80' lang='grc' dir='ltr'>μεγάλου</span> <span class='ocrx_word' id='word_1_289' title='bbox 3183 1093 3494 1152; x_wconf 81' lang='grc' dir='ltr'>ἀποστόλου</span> <span class='ocrx_word' id='word_1_290' title='bbox 3545 1095 3773 1168; x_wconf 88' lang='grc' dir='ltr'>Πέτρου.</span> 
     </span>
    </p>
   </div>
   <div class='ocr_carea' id='block_1_43' title="bbox 2123 1182 3780 1264">
    <p class='ocr_par' dir='ltr' id='par_1_43' title="bbox 2123 1182 3780 1264">
     <span class='ocr_line' id='line_1_43' title="bbox 2123 1182 3780 1264; baseline -0.002 -21"><span class='ocrx_word' id='word_1_291' title='bbox 2123 1186 2277 1243; x_wconf 88' lang='grc' dir='ltr'>Ἀλλ’</span> <span class='ocrx_word' id='word_1_292' title='bbox 2309 1185 2456 1264; x_wconf 81' lang='grc' dir='ltr'>εἷ’περ</span> <span class='ocrx_word' id='word_1_293' title='bbox 2490 1186 2591 1263; x_wconf 78' lang='grc' dir='ltr'>ἄρα</span> <span class='ocrx_word' id='word_1_294' title='bbox 2624 1185 2886 1262; x_wconf 87' lang='grc' dir='ltr'>μέλειτῷ</span> <span class='ocrx_word' id='word_1_295' title='bbox 2923 1184 3140 1264; x_wconf 88' lang='grc' dir='ltr'>βασιλεῖ</span> <span class='ocrx_word' id='word_1_296' title='bbox 3185 1186 3311 1263; x_wconf 77' lang='grc' dir='ltr'>περὶ</span> <span class='ocrx_word' id='word_1_297' title='bbox 3341 1191 3442 1255; x_wconf 82' lang='grc' dir='ltr'>τῆς</span> <span class='ocrx_word' id='word_1_298' title='bbox 3489 1182 3780 1254; x_wconf 85' lang='grc' dir='ltr'>ἐκκλησια-</span> 
     </span>
    </p>
   </div>
   <div class='ocr_carea' id='block_1_44' title="bbox 2123 1272 3775 1353">
    <p class='ocr_par' dir='ltr' id='par_1_44' title="bbox 2123 1272 3775 1353">
     <span class='ocr_line' id='line_1_44' title="bbox 2123 1272 3775 1353; baseline -0.003 -21"><span class='ocrx_word' id='word_1_299' title='bbox 2123 1285 2311 1348; x_wconf 82' lang='grc' dir='ltr'>στικῆς</span> <span class='ocrx_word' id='word_1_300' title='bbox 2345 1278 2590 1353; x_wconf 81' lang='grc' dir='ltr'>εἰρήνης,</span> <span class='ocrx_word' id='word_1_301' title='bbox 2624 1278 2669 1332; x_wconf 86' lang='grc' dir='ltr'>εἷ</span> <span class='ocrx_word' id='word_1_302' title='bbox 2699 1275 2910 1332; x_wconf 76' lang='grc' dir='ltr'>κελεύει</span> <span class='ocrx_word' id='word_1_303' title='bbox 2941 1274 3173 1345; x_wconf 84' lang='grc' dir='ltr'>λυθῆναι</span> <span class='ocrx_word' id='word_1_304' title='bbox 3222 1275 3290 1330; x_wconf 77' lang='grc' dir='ltr'>τὰ</span> <span class='ocrx_word' id='word_1_305' title='bbox 3317 1275 3447 1348; x_wconf 87' lang='grc' dir='ltr'>παρ’</span> <span class='ocrx_word' id='word_1_306' title='bbox 3479 1277 3616 1348; x_wconf 80' lang='grc' dir='ltr'>ἡμῖν</span> <span class='ocrx_word' id='word_1_307' title='bbox 3648 1272 3775 1348; x_wconf 84' lang='grc' dir='ltr'>περὶ</span> 
     </span>
    </p>
   </div>
   <div class='ocr_carea' id='block_1_45' title="bbox 2121 1361 3776 1444">
    <p class='ocr_par' dir='ltr' id='par_1_45' title="bbox 2121 1361 3776 1444">
     <span class='ocr_line' id='line_1_45' title="bbox 2121 1361 3776 1444; baseline -0.003 -21"><span class='ocrx_word' id='word_1_308' title='bbox 2121 1366 2436 1424; x_wconf 88' lang='grc' dir='ltr'>Ἀθανασίου</span> <span class='ocrx_word' id='word_1_309' title='bbox 2484 1367 2757 1444; x_wconf 80' lang='grc' dir='ltr'>γραφέντα</span> <span class='ocrx_word' id='word_1_310' title='bbox 2807 1386 2820 1398; x_wconf 84' lang='grc'><strong><em>“</em></strong></span> <span class='ocrx_word' id='word_1_311' title='bbox 2863 1363 3074 1421; x_wconf 86' lang='grc' dir='ltr'>λυέσθω</span> <span class='ocrx_word' id='word_1_312' title='bbox 3121 1364 3213 1420; x_wconf 84' lang='grc' dir='ltr'>καὶ</span> <span class='ocrx_word' id='word_1_313' title='bbox 3254 1366 3322 1419; x_wconf 80' lang='grc' dir='ltr'>τά</span> <span class='ocrx_word' id='word_1_314' title='bbox 3367 1365 3496 1439; x_wconf 87' lang='grc' dir='ltr'>παρ’</span> <span class='ocrx_word' id='word_1_315' title='bbox 3555 1361 3776 1418; x_wconf 78' lang='grc' dir='ltr'>ἐκείνων</span> 
     </span>
    </p>
   </div>
   <div class='ocr_carea' id='block_1_46' title="bbox 2121 1452 3775 1532">
    <p class='ocr_par' dir='ltr' id='par_1_46' title="bbox 2121 1452 3775 1532">
     <span class='ocr_line' id='line_1_46' title="bbox 2121 1452 3775 1532; baseline -0.003 -20"><span class='ocrx_word' id='word_1_316' title='bbox 2121 1458 2237 1512; x_wconf 88' lang='grc' dir='ltr'>κατ’</span> <span class='ocrx_word' id='word_1_317' title='bbox 2266 1456 2431 1512; x_wconf 74' lang='grc' dir='ltr'>αὐτοῦ</span> <span class='ocrx_word' id='word_1_318' title='bbox 2460 1457 2741 1532; x_wconf 87' lang='grc' dir='ltr'>γενόμενα,</span> <span class='ocrx_word' id='word_1_319' title='bbox 2775 1454 2985 1511; x_wconf 88' lang='grc' dir='ltr'>λυέσθω</span> <span class='ocrx_word' id='word_1_320' title='bbox 3040 1452 3097 1509; x_wconf 76' lang='grc' dir='ltr'>δέ</span> <span class='ocrx_word' id='word_1_321' title='bbox 3125 1453 3216 1509; x_wconf 83' lang='grc' dir='ltr'>καὶ</span> <span class='ocrx_word' id='word_1_322' title='bbox 3246 1455 3314 1509; x_wconf 79' lang='grc' dir='ltr'>τὰ</span> <span class='ocrx_word' id='word_1_323' title='bbox 3354 1453 3490 1509; x_wconf 82' lang='grc' dir='ltr'>κατά</span> <span class='ocrx_word' id='word_1_324' title='bbox 3536 1453 3775 1508; x_wconf 86' lang='grc' dir='ltr'>πάντων·</span> 
     </span>
    </p>
   </div>
   <div class='ocr_carea' id='block_1_47' title="bbox 2118 1539 3778 1622">
    <p class='ocr_par' dir='ltr' id='par_1_47' title="bbox 2118 1539 3778 1622">
     <span class='ocr_line' id='line_1_47' title="bbox 2118 1539 3778 1622; baseline -0.002 -21"><span class='ocrx_word' id='word_1_325' title='bbox 2118 1547 2208 1602; x_wconf 87' lang='grc' dir='ltr'>καὶ</span> <span class='ocrx_word' id='word_1_326' title='bbox 2268 1547 2502 1622; x_wconf 88' lang='grc' dir='ltr'>γενέσθω</span> <span class='ocrx_word' id='word_1_327' title='bbox 2560 1544 2752 1601; x_wconf 84' lang='grc' dir='ltr'>λοιπὸν</span> <span class='ocrx_word' id='word_1_328' title='bbox 2797 1543 3220 1616; x_wconf 87' lang='grc' dir='ltr'>ἐκκλησιαστική</span> <span class='ocrx_word' id='word_1_329' title='bbox 3282 1539 3508 1605; x_wconf 78' lang='grc' dir='ltr'>σύνοδος</span> <span class='ocrx_word' id='word_1_330' title='bbox 3571 1544 3778 1617; x_wconf 80' lang='grc' dir='ltr'>μακράν</span> 
     </span>
    </p>
   </div>
   <div class='ocr_carea' id='block_1_48' title="bbox 2119 1633 3782 1712">
    <p class='ocr_par' dir='ltr' id='par_1_48' title="bbox 2119 1633 3782 1712">
     <span class='ocr_line' id='line_1_48' title="bbox 2119 1633 3782 1712; baseline -0.002 -21"><span class='ocrx_word' id='word_1_331' title='bbox 2119 1641 2215 1692; x_wconf 74' lang='grc' dir='ltr'>τοῦ</span> <span class='ocrx_word' id='word_1_332' title='bbox 2248 1635 2538 1708; x_wconf 87' lang='grc' dir='ltr'>παλατίου,</span> <span class='ocrx_word' id='word_1_333' title='bbox 2572 1635 2623 1691; x_wconf 87' lang='grc' dir='ltr'>ἐν</span> <span class='ocrx_word' id='word_1_334' title='bbox 2745 1633 3000 1712; x_wconf 81' lang='grc' dir='ltr'>βασιλεὺς</span> <span class='ocrx_word' id='word_1_335' title='bbox 3049 1635 3111 1690; x_wconf 81' lang='grc' dir='ltr'>οὐ</span> <span class='ocrx_word' id='word_1_336' title='bbox 3161 1636 3439 1707; x_wconf 73' lang='grc' dir='ltr'>πάρεστιν,</span> <span class='ocrx_word' id='word_1_337' title='bbox 3483 1633 3545 1688; x_wconf 80' lang='grc' dir='ltr'>οὗ</span> <span class='ocrx_word' id='word_1_338' title='bbox 3596 1633 3782 1708; x_wconf 82' lang='grc' dir='ltr'>κόμης</span> 
     </span>
    </p>
   </div>
   <div class='ocr_carea' id='block_1_49' title="bbox 2118 1720 3780 1802">
    <p class='ocr_par' dir='ltr' id='par_1_49' title="bbox 2118 1720 3780 1802">
     <span class='ocr_line' id='line_1_49' title="bbox 2118 1720 3780 1802; baseline -0.001 -22"><span class='ocrx_word' id='word_1_339' title='bbox 2118 1724 2496 1802; x_wconf 73' lang='grc' dir='ltr'>παραγίνεται,</span> <span class='ocrx_word' id='word_1_340' title='bbox 2529 1724 2590 1779; x_wconf 78' lang='grc' dir='ltr'>οὗ</span> <span class='ocrx_word' id='word_1_341' title='bbox 2641 1722 2898 1794; x_wconf 75' lang='grc' dir='ltr'>δικαστὴς</span> <span class='ocrx_word' id='word_1_342' title='bbox 2951 1721 3186 1793; x_wconf 88' lang='grc' dir='ltr'>ἀπειλεῖ,</span> <span class='ocrx_word' id='word_1_343' title='bbox 3237 1720 3383 1777; x_wconf 86' lang='grc' dir='ltr'>ἀλλά</span> <span class='ocrx_word' id='word_1_344' title='bbox 3426 1721 3590 1796; x_wconf 89' lang='grc' dir='ltr'>μόνον</span> <span class='ocrx_word' id='word_1_345' title='bbox 3624 1723 3652 1776; x_wconf 92' lang='lat'>6</span> <span class='ocrx_word' id='word_1_346' title='bbox 3680 1725 3780 1778; x_wconf 79' lang='grc' dir='ltr'>τοῦ</span> 
     </span>
    </p>
   </div>
   <div class='ocr_carea' id='block_1_50' title="bbox 2121 1806 3782 1890">
    <p class='ocr_par' dir='ltr' id='par_1_50' title="bbox 2121 1806 3782 1890">
     <span class='ocr_line' id='line_1_50' title="bbox 2121 1806 3782 1890; baseline -0.001 -23"><span class='ocrx_word' id='word_1_347' title='bbox 2121 1817 2255 1867; x_wconf 75' lang='grc' dir='ltr'>Θεοῦ</span> <span class='ocrx_word' id='word_1_348' title='bbox 2287 1807 2455 1890; x_wconf 75' lang='grc' dir='ltr'>φόϐος</span> <span class='ocrx_word' id='word_1_349' title='bbox 2487 1812 2640 1887; x_wconf 83' lang='grc' dir='ltr'>ἀρκεῖ</span> <span class='ocrx_word' id='word_1_350' title='bbox 2681 1811 2773 1866; x_wconf 86' lang='grc' dir='ltr'>καὶ</span> <span class='ocrx_word' id='word_1_351' title='bbox 2803 1814 2837 1880; x_wconf 81' lang='grc' dir='ltr'>ἠ</span> <span class='ocrx_word' id='word_1_352' title='bbox 2887 1815 2996 1866; x_wconf 80' lang='grc' dir='ltr'>τῶν</span> <span class='ocrx_word' id='word_1_353' title='bbox 3048 1806 3369 1866; x_wconf 82' lang='grc' dir='ltr'>ἀποστόλων</span> <span class='ocrx_word' id='word_1_354' title='bbox 3421 1807 3681 1882; x_wconf 81' lang='grc' dir='ltr'>διάταξις·</span> <span class='ocrx_word' id='word_1_355' title='bbox 3704 1809 3782 1866; x_wconf 71' lang='grc' dir='ltr'>ἵν’</span> 
     </span>
    </p>
   </div>
   <div class='ocr_carea' id='block_1_51' title="bbox 2120 1897 3780 1978">
    <p class='ocr_par' dir='ltr' id='par_1_51' title="bbox 2120 1897 3780 1978">
     <span class='ocr_line' id='line_1_51' title="bbox 2120 1897 3780 1978; baseline 0 -22"><span class='ocrx_word' id='word_1_356' title='bbox 2120 1901 2293 1964; x_wconf 79' lang='grc' dir='ltr'>οὕτως</span> <span class='ocrx_word' id='word_1_357' title='bbox 2325 1903 2760 1978; x_wconf 72' lang='grc' dir='ltr'>προηγουμένως</span> <span class='ocrx_word' id='word_1_358' title='bbox 2793 1901 2826 1971; x_wconf 81' lang='grc' dir='ltr'>ἡ</span> <span class='ocrx_word' id='word_1_359' title='bbox 2866 1901 2960 1974; x_wconf 71' lang='grc' dir='ltr'>μὲν</span> <span class='ocrx_word' id='word_1_360' title='bbox 2986 1897 3409 1971; x_wconf 84' lang='grc' dir='ltr'>ἐκκλησιαστική</span> <span class='ocrx_word' id='word_1_361' title='bbox 3454 1901 3638 1964; x_wconf 83' lang='grc' dir='ltr'>πίστις</span> <span class='ocrx_word' id='word_1_362' title='bbox 3671 1901 3780 1956; x_wconf 87' lang='grc' dir='ltr'>σώ-</span> 
     </span>
    </p>
   </div>
   <div class='ocr_carea' id='block_1_52' title="bbox 2122 1988 3778 2066">
    <p class='ocr_par' dir='ltr' id='par_1_52' title="bbox 2122 1988 3778 2066">
     <span class='ocr_line' id='line_1_52' title="bbox 2122 1988 3778 2066; baseline -0.001 -20"><span class='ocrx_word' id='word_1_363' title='bbox 2122 1996 2299 2062; x_wconf 89' lang='grc' dir='ltr'>ζηται,</span> <span class='ocrx_word' id='word_1_364' title='bbox 2333 1991 2510 2052; x_wconf 86' lang='grc' dir='ltr'>καθὼς</span> <span class='ocrx_word' id='word_1_365' title='bbox 2544 1992 2596 2045; x_wconf 72' lang='grc' dir='ltr'>οἱ</span> <span class='ocrx_word' id='word_1_366' title='bbox 2644 1992 2879 2066; x_wconf 89' lang='grc' dir='ltr'>Πατέρες</span> <span class='ocrx_word' id='word_1_367' title='bbox 2928 1988 3127 2065; x_wconf 85' lang='grc' dir='ltr'>ὥρισαν</span> <span class='ocrx_word' id='word_1_368' title='bbox 3178 1989 3230 2045; x_wconf 87' lang='grc' dir='ltr'>ἐν</span> <span class='ocrx_word' id='word_1_369' title='bbox 3261 1993 3330 2065; x_wconf 78' lang='grc' dir='ltr'>τῇ</span> <span class='ocrx_word' id='word_1_370' title='bbox 3377 1991 3516 2045; x_wconf 87' lang='grc' dir='ltr'>κατά</span> <span class='ocrx_word' id='word_1_371' title='bbox 3554 1989 3778 2045; x_wconf 88' lang='grc' dir='ltr'>Νίκαιαν</span> 
     </span>
    </p>
   </div>
   <div class='ocr_carea' id='block_1_53' title="bbox 2122 2074 3776 2156">
    <p class='ocr_par' dir='ltr' id='par_1_53' title="bbox 2122 2074 3776 2156">
     <span class='ocr_line' id='line_1_53' title="bbox 2122 2074 3776 2156; baseline 0.002 -23"><span class='ocrx_word' id='word_1_372' title='bbox 2122 2077 2352 2151; x_wconf 79' lang='grc' dir='ltr'>συνόδῳ’</span> <span class='ocrx_word' id='word_1_373' title='bbox 2388 2080 2439 2133; x_wconf 82' lang='lat' dir='ltr'>oi</span> <span class='ocrx_word' id='word_1_374' title='bbox 2471 2076 2528 2133; x_wconf 74' lang='grc' dir='ltr'>δὲ</span> <span class='ocrx_word' id='word_1_375' title='bbox 2555 2081 2623 2134; x_wconf 75' lang='grc' dir='ltr'>τὰ</span> <span class='ocrx_word' id='word_1_376' title='bbox 2643 2079 2860 2153; x_wconf 84' lang='grc' dir='ltr'>Ἀρείου</span> <span class='ocrx_word' id='word_1_377' title='bbox 2883 2083 3206 2156; x_wconf 76' lang='grc' dir='ltr'>φρονοῦντες</span> <span class='ocrx_word' id='word_1_378' title='bbox 3237 2074 3616 2134; x_wconf 75' lang='grc' dir='ltr'>ἐκϐάλλωνται</span> <span class='ocrx_word' id='word_1_379' title='bbox 3638 2081 3776 2155; x_wconf 87' lang='grc'>(38),</span> 
     </span>
    </p>
   </div>
   <div class='ocr_carea' id='block_1_54' title="bbox 2119 2166 3773 2245">
    <p class='ocr_par' dir='ltr' id='par_1_54' title="bbox 2119 2166 3773 2245">
     <span class='ocr_line' id='line_1_54' title="bbox 2119 2166 3773 2245; baseline 0.001 -23"><span class='ocrx_word' id='word_1_380' title='bbox 2119 2169 2276 2238; x_wconf 82' lang='grc' dir='ltr'>καὶὴ</span> <span class='ocrx_word' id='word_1_381' title='bbox 2311 2166 2515 2245; x_wconf 69' lang='grc' dir='ltr'>α’ίρεσις</span> <span class='ocrx_word' id='word_1_382' title='bbox 2547 2168 2721 2223; x_wconf 82' lang='grc' dir='ltr'>αὐτῶν</span> <span class='ocrx_word' id='word_1_383' title='bbox 2776 2169 3194 2243; x_wconf 77' lang='grc' dir='ltr'>ἀναθεματισθῇ’</span> <span class='ocrx_word' id='word_1_384' title='bbox 3244 2169 3335 2223; x_wconf 85' lang='grc' dir='ltr'>καὶ</span> <span class='ocrx_word' id='word_1_385' title='bbox 3383 2167 3507 2224; x_wconf 87' lang='grc' dir='ltr'>τότε</span> <span class='ocrx_word' id='word_1_386' title='bbox 3554 2167 3773 2243; x_wconf 83' lang='grc' dir='ltr'>λοιπὸν,</span> 
     </span>
    </p>
   </div>
   <div class='ocr_carea' id='block_1_55' title="bbox 2121 2255 3777 2334">
    <p class='ocr_par' dir='ltr' id='par_1_55' title="bbox 2121 2255 3777 2334">
     <span class='ocr_line' id='line_1_55' title="bbox 2121 2255 3777 2334; baseline 0.001 -23"><span class='ocrx_word' id='word_1_387' title='bbox 2121 2257 2353 2333; x_wconf 84' lang='grc' dir='ltr'>κρίσεως</span> <span class='ocrx_word' id='word_1_388' title='bbox 2401 2258 2705 2332; x_wconf 86' lang='grc' dir='ltr'>γενομένης</span> <span class='ocrx_word' id='word_1_389' title='bbox 2763 2258 2888 2334; x_wconf 84' lang='grc' dir='ltr'>περὶ</span> <span class='ocrx_word' id='word_1_390' title='bbox 2943 2259 3016 2312; x_wconf 83' lang='grc' dir='ltr'>ὧν</span> <span class='ocrx_word' id='word_1_391' title='bbox 3077 2259 3416 2328; x_wconf 86' lang='grc' dir='ltr'>Ἀθανάσιος,</span> <span class='ocrx_word' id='word_1_392' title='bbox 3466 2258 3557 2313; x_wconf 84' lang='grc' dir='ltr'>καὶ</span> <span class='ocrx_word' id='word_1_393' title='bbox 3613 2255 3667 2313; x_wconf 84' lang='grc' dir='ltr'>εἷ’</span> <span class='ocrx_word' id='word_1_394' title='bbox 3691 2279 3777 2323; x_wconf 90' lang='grc' dir='ltr'>τις</span> 
     </span>
    </p>
   </div>
   <div class='ocr_carea' id='block_1_56' title="bbox 2119 2343 3778 2424">
    <p class='ocr_par' dir='ltr' id='par_1_56' title="bbox 2119 2343 3778 2424">
     <span class='ocr_line' id='line_1_56' title="bbox 2119 2343 3778 2424; baseline 0.001 -23"><span class='ocrx_word' id='word_1_395' title='bbox 2119 2343 2304 2422; x_wconf 73' lang='grc' dir='ltr'>ἕτερος</span> <span class='ocrx_word' id='word_1_396' title='bbox 2335 2345 2667 2422; x_wconf 82' lang='grc' dir='ltr'>ἐγκαλεῖται,</span> <span class='ocrx_word' id='word_1_397' title='bbox 2701 2347 2791 2401; x_wconf 83' lang='grc' dir='ltr'>καὶ</span> <span class='ocrx_word' id='word_1_398' title='bbox 2821 2347 2946 2424; x_wconf 82' lang='grc' dir='ltr'>περὶ</span> <span class='ocrx_word' id='word_1_399' title='bbox 2995 2347 3067 2401; x_wconf 83' lang='grc' dir='ltr'>ὧν</span> <span class='ocrx_word' id='word_1_400' title='bbox 3123 2343 3500 2422; x_wconf 81' lang='grc' dir='ltr'>ἐγκελεύονται</span> <span class='ocrx_word' id='word_1_401' title='bbox 3550 2347 3641 2402; x_wconf 83' lang='grc' dir='ltr'>καὶ</span> <span class='ocrx_word' id='word_1_402' title='bbox 3681 2347 3778 2403; x_wconf 78' lang='grc' dir='ltr'>αὖ·</span> 
     </span>
    </p>
   </div>
   <div class='ocr_carea' id='block_1_57' title="bbox 2120 2431 3780 2514">
    <p class='ocr_par' dir='ltr' id='par_1_57' title="bbox 2120 2431 3780 2514">
     <span class='ocr_line' id='line_1_57' title="bbox 2120 2431 3780 2514; baseline 0.001 -23"><span class='ocrx_word' id='word_1_403' title='bbox 2120 2436 2228 2504; x_wconf 86' lang='grc' dir='ltr'>τοὶ,</span> <span class='ocrx_word' id='word_1_404' title='bbox 2264 2437 2315 2490; x_wconf 74' lang='grc' dir='ltr'>οἱ</span> <span class='ocrx_word' id='word_1_405' title='bbox 2349 2437 2442 2509; x_wconf 75' lang='grc' dir='ltr'>μὲν</span> <span class='ocrx_word' id='word_1_406' title='bbox 2477 2435 2766 2491; x_wconf 86' lang='grc' dir='ltr'>ὑπεύθυνοι</span> <span class='ocrx_word' id='word_1_407' title='bbox 2789 2431 3188 2510; x_wconf 75' lang='grc' dir='ltr'>ἐκϐάλλωνται,</span> <span class='ocrx_word' id='word_1_408' title='bbox 3214 2437 3267 2491; x_wconf 75' lang='grc' dir='ltr'>οἱ</span> <span class='ocrx_word' id='word_1_409' title='bbox 3297 2433 3355 2491; x_wconf 73' lang='grc' dir='ltr'>δὲ</span> <span class='ocrx_word' id='word_1_410' title='bbox 3384 2436 3611 2511; x_wconf 83' lang='grc' dir='ltr'>καθαροὶ</span> <span class='ocrx_word' id='word_1_411' title='bbox 3641 2436 3780 2514; x_wconf 80' lang='grc' dir='ltr'>παῤ-</span> 
     </span>
    </p>
   </div>
   <div class='ocr_carea' id='block_1_58' title="bbox 2125 2523 3780 2604">
    <p class='ocr_par' dir='ltr' id='par_1_58' title="bbox 2125 2523 3780 2604">
     <span class='ocr_line' id='line_1_58' title="bbox 2125 2523 3780 2604; baseline -0.005 -24"><span class='ocrx_word' id='word_1_412' title='bbox 2125 2524 2317 2602; x_wconf 82' lang='grc' dir='ltr'>ῥησίαν</span> <span class='ocrx_word' id='word_1_413' title='bbox 2350 2523 2550 2601; x_wconf 77' lang='grc' dir='ltr'>ἔχωσιν</span> <span class='ocrx_word' id='word_1_414' title='bbox 2587 2570 2598 2582; x_wconf 94' lang='grc'>,</span> <span class='ocrx_word' id='word_1_415' title='bbox 2635 2523 2707 2579; x_wconf 85' lang='grc' dir='ltr'>Ού</span> <span class='ocrx_word' id='word_1_416' title='bbox 2755 2527 2860 2601; x_wconf 78' lang='grc' dir='ltr'>γὰρ</span> <span class='ocrx_word' id='word_1_417' title='bbox 2911 2524 3024 2579; x_wconf 82' lang='grc' dir='ltr'>οἷόν</span> <span class='ocrx_word' id='word_1_418' title='bbox 3074 2546 3133 2580; x_wconf 90' lang='grc' dir='ltr'>τε</span> <span class='ocrx_word' id='word_1_419' title='bbox 3179 2523 3391 2599; x_wconf 84' lang='grc' dir='ltr'>συνόδῳ</span> <span class='ocrx_word' id='word_1_420' title='bbox 3445 2527 3780 2604; x_wconf 58' lang='grc' dir='ltr'>συναριθμηδ</span> 
     </span>
    </p>
   </div>
   <div class='ocr_carea' id='block_1_59' title="bbox 2123 2609 3780 2694">
    <p class='ocr_par' dir='ltr' id='par_1_59' title="bbox 2123 2609 3780 2694">
     <span class='ocr_line' id='line_1_59' title="bbox 2123 2609 3780 2694; baseline 0.002 -26"><span class='ocrx_word' id='word_1_421' title='bbox 2123 2616 2279 2684; x_wconf 79' lang='grc' dir='ltr'>θῆναι</span> <span class='ocrx_word' id='word_1_422' title='bbox 2309 2613 2438 2677; x_wconf 77' lang='grc' dir='ltr'>τοὺς</span> <span class='ocrx_word' id='word_1_423' title='bbox 2468 2614 2594 2690; x_wconf 83' lang='grc' dir='ltr'>περὶ</span> <span class='ocrx_word' id='word_1_424' title='bbox 2642 2614 2821 2669; x_wconf 88' lang='grc' dir='ltr'>πίστιν</span> <span class='ocrx_word' id='word_1_425' title='bbox 2879 2609 3225 2677; x_wconf 72' lang='grc' dir='ltr'>ἀσεϐοῦντας·</span> <span class='ocrx_word' id='word_1_426' title='bbox 3260 2612 3386 2670; x_wconf 75' lang='grc' dir='ltr'>οὐδὲ</span> <span class='ocrx_word' id='word_1_427' title='bbox 3419 2617 3612 2692; x_wconf 89' lang='grc' dir='ltr'>πρέπει</span> <span class='ocrx_word' id='word_1_428' title='bbox 3642 2637 3780 2694; x_wconf 88' lang='grc' dir='ltr'>προ-</span> 
     </span>
    </p>
   </div>
   <div class='ocr_carea' id='block_1_60' title="bbox 2122 2702 3780 2781">
    <p class='ocr_par' dir='ltr' id='par_1_60' title="bbox 2122 2702 3780 2781">
     <span class='ocr_line' id='line_1_60' title="bbox 2122 2702 3780 2781; baseline 0.002 -24"><span class='ocrx_word' id='word_1_429' title='bbox 2122 2703 2394 2780; x_wconf 80' lang='grc' dir='ltr'>κρίνεσθαι</span> <span class='ocrx_word' id='word_1_430' title='bbox 2437 2705 2764 2781; x_wconf 88' lang='grc' dir='ltr'>πράγματος</span> <span class='ocrx_word' id='word_1_431' title='bbox 2808 2702 3040 2774; x_wconf 84' lang='grc' dir='ltr'>ἐξέτασιν</span> <span class='ocrx_word' id='word_1_432' title='bbox 3088 2709 3189 2774; x_wconf 76' lang='grc' dir='ltr'>τῆς</span> <span class='ocrx_word' id='word_1_433' title='bbox 3237 2705 3362 2780; x_wconf 86' lang='grc' dir='ltr'>περὶ</span> <span class='ocrx_word' id='word_1_434' title='bbox 3408 2704 3644 2768; x_wconf 88' lang='grc' dir='ltr'>πίστεως</span> <span class='ocrx_word' id='word_1_435' title='bbox 3697 2705 3780 2778; x_wconf 79' lang='grc' dir='ltr'>ἐξ·</span> 
     </span>
    </p>
   </div>
   <div class='ocr_carea' id='block_1_61' title="bbox 2125 2794 3780 2871">
    <p class='ocr_par' dir='ltr' id='par_1_61' title="bbox 2125 2794 3780 2871">
     <span class='ocr_line' id='line_1_61' title="bbox 2125 2794 3780 2871; baseline 0.002 -24"><span class='ocrx_word' id='word_1_436' title='bbox 2125 2794 2376 2855; x_wconf 86' lang='grc' dir='ltr'>ετάσεως.</span> <span class='ocrx_word' id='word_1_437' title='bbox 2427 2795 2542 2868; x_wconf 79' lang='grc' dir='ltr'>Χρὴ</span> <span class='ocrx_word' id='word_1_438' title='bbox 2586 2795 2690 2870; x_wconf 80' lang='grc' dir='ltr'>γὰρ</span> <span class='ocrx_word' id='word_1_439' title='bbox 2739 2798 2955 2868; x_wconf 81' lang='grc' dir='ltr'>πρῶτον</span> <span class='ocrx_word' id='word_1_440' title='bbox 3005 2799 3176 2848; x_wconf 81' lang='grc' dir='ltr'>πᾶσαν</span> <span class='ocrx_word' id='word_1_441' title='bbox 3225 2794 3349 2871; x_wconf 78' lang='grc' dir='ltr'>περὶ</span> <span class='ocrx_word' id='word_1_442' title='bbox 3392 2801 3494 2865; x_wconf 82' lang='grc' dir='ltr'>τῆς</span> <span class='ocrx_word' id='word_1_443' title='bbox 3541 2795 3780 2859; x_wconf 84' lang='grc' dir='ltr'>πίστεως</span> 
     </span>
    </p>
   </div>
   <div class='ocr_carea' id='block_1_62' title="bbox 2125 2879 3774 2962">
    <p class='ocr_par' dir='ltr' id='par_1_62' title="bbox 2125 2879 3774 2962">
     <span class='ocr_line' id='line_1_62' title="bbox 2125 2879 3774 2962; baseline 0.002 -25"><span class='ocrx_word' id='word_1_444' title='bbox 2125 2879 2419 2961; x_wconf 77' lang='grc' dir='ltr'>διαφωνίαν</span> <span class='ocrx_word' id='word_1_445' title='bbox 2455 2883 2823 2951; x_wconf 82' lang='grc' dir='ltr'>ἐκκόπτεσθαι,</span> <span class='ocrx_word' id='word_1_446' title='bbox 2871 2883 2960 2938; x_wconf 89' lang='grc' dir='ltr'>καὶ</span> <span class='ocrx_word' id='word_1_447' title='bbox 3006 2881 3130 2937; x_wconf 90' lang='grc' dir='ltr'>τότε</span> <span class='ocrx_word' id='word_1_448' title='bbox 3175 2885 3273 2953; x_wconf 77' lang='grc' dir='ltr'>τήν</span> <span class='ocrx_word' id='word_1_449' title='bbox 3323 2883 3446 2960; x_wconf 85' lang='grc' dir='ltr'>περὶ</span> <span class='ocrx_word' id='word_1_450' title='bbox 3492 2887 3599 2938; x_wconf 78' lang='grc' dir='ltr'>τῶν</span> <span class='ocrx_word' id='word_1_451' title='bbox 3633 2905 3774 2962; x_wconf 85' lang='grc' dir='ltr'>πρα-</span> 
     </span>
    </p>
   </div>
   <div class='ocr_carea' id='block_1_63' title="bbox 2124 2970 3776 3050">
    <p class='ocr_par' dir='ltr' id='par_1_63' title="bbox 2124 2970 3776 3050">
     <span class='ocr_line' id='line_1_63' title="bbox 2124 2970 3776 3050; baseline 0.002 -24"><span class='ocrx_word' id='word_1_452' title='bbox 2124 2973 2350 3048; x_wconf 86' lang='grc' dir='ltr'>γμάτων</span> <span class='ocrx_word' id='word_1_453' title='bbox 2405 2970 2618 3046; x_wconf 78' lang='grc' dir='ltr'>ἔρευναν</span> <span class='ocrx_word' id='word_1_454' title='bbox 2669 2973 2959 3030; x_wconf 82' lang='grc' dir='ltr'>ποιεῖσθαι.</span> <span class='ocrx_word' id='word_1_455' title='bbox 3010 2972 3110 3027; x_wconf 84' lang='grc' dir='ltr'>Καὶ</span> <span class='ocrx_word' id='word_1_456' title='bbox 3158 2973 3262 3050; x_wconf 72' lang='grc' dir='ltr'>γὰρ</span> <span class='ocrx_word' id='word_1_457' title='bbox 3313 2973 3341 3028; x_wconf 96' lang='lat'>6</span> <span class='ocrx_word' id='word_1_458' title='bbox 3386 2971 3585 3049; x_wconf 81' lang='grc' dir='ltr'>Κύριος</span> <span class='ocrx_word' id='word_1_459' title='bbox 3612 2976 3776 3048; x_wconf 74' lang='grc' dir='ltr'>ἡμῶν</span> 
     </span>
    </p>
   </div>
   <div class='ocr_carea' id='block_1_64' title="bbox 2125 3060 3779 3139">
    <p class='ocr_par' dir='ltr' id='par_1_64' title="bbox 2125 3060 3779 3139">
     <span class='ocr_line' id='line_1_64' title="bbox 2125 3060 3779 3139; baseline 0.001 -21"><span class='ocrx_word' id='word_1_460' title='bbox 2125 3062 2338 3132; x_wconf 79' lang='grc' dir='ltr'>Ἰησοῦς</span> <span class='ocrx_word' id='word_1_461' title='bbox 2371 3063 2399 3117; x_wconf 92' lang='lat'>6</span> <span class='ocrx_word' id='word_1_462' title='bbox 2449 3063 2563 3135; x_wconf 87' lang='lat'>(39)</span> <span class='ocrx_word' id='word_1_463' title='bbox 2612 3062 2843 3139; x_wconf 87' lang='grc' dir='ltr'>Χριστὸς</span> <span class='ocrx_word' id='word_1_464' title='bbox 2894 3060 2954 3115; x_wconf 82' lang='grc' dir='ltr'>οὐ</span> <span class='ocrx_word' id='word_1_465' title='bbox 3003 3062 3268 3138; x_wconf 88' lang='grc' dir='ltr'>πρότερον</span> <span class='ocrx_word' id='word_1_466' title='bbox 3321 3061 3605 3139; x_wconf 82' lang='grc' dir='ltr'>ἐθεράπευε</span> <span class='ocrx_word' id='word_1_467' title='bbox 3647 3063 3779 3129; x_wconf 88' lang='grc' dir='ltr'>τούς</span> 
     </span>
    </p>
   </div>
   <div class='ocr_carea' id='block_1_65' title="bbox 2125 3148 3784 3228">
    <p class='ocr_par' dir='ltr' id='par_1_65' title="bbox 2125 3148 3784 3228">
     <span class='ocr_line' id='line_1_65' title="bbox 2125 3148 3784 3228; baseline 0.002 -23"><span class='ocrx_word' id='word_1_468' title='bbox 2125 3152 2459 3228; x_wconf 73' lang='grc' dir='ltr'>πάσχοντας,</span> <span class='ocrx_word' id='word_1_469' title='bbox 2491 3151 2615 3226; x_wconf 87' lang='grc' dir='ltr'>πρὶν</span> <span class='ocrx_word' id='word_1_470' title='bbox 2652 3151 2710 3205; x_wconf 71' lang='grc' dir='ltr'>ἂν</span> <span class='ocrx_word' id='word_1_471' title='bbox 2745 3148 2958 3222; x_wconf 76' lang='grc' dir='ltr'>δείξωσι</span> <span class='ocrx_word' id='word_1_472' title='bbox 2999 3151 3090 3206; x_wconf 88' lang='grc' dir='ltr'>καὶ</span> <span class='ocrx_word' id='word_1_473' title='bbox 3138 3149 3360 3207; x_wconf 69' lang='grc' dir='ltr'>εἴπωσιν</span> <span class='ocrx_word' id='word_1_474' title='bbox 3398 3197 3412 3222; x_wconf 94' lang='grc'>,</span> <span class='ocrx_word' id='word_1_475' title='bbox 3447 3153 3637 3208; x_wconf 74' lang='grc' dir='ltr'>ὁποίαν</span> <span class='ocrx_word' id='word_1_476' title='bbox 3687 3151 3784 3209; x_wconf 87' lang='grc' dir='ltr'>πί-</span> 
     </span>
    </p>
   </div>
   <div class='ocr_carea' id='block_1_66' title="bbox 363 3226 2016 3319">
    <p class='ocr_par' dir='ltr' id='par_1_66' title="bbox 363 3226 2016 3317">
     <span class='ocr_line' id='line_1_66' title="bbox 363 3226 2016 3317; baseline 0.001 -16"><span class='ocrx_word' id='word_1_477' title='bbox 363 3245 737 3301; x_wconf 89' lang='lat' dir='ltr'>ostenderent</span> <span class='ocrx_word' id='word_1_478' title='bbox 766 3244 1452 3316; x_wconf 88' lang='lat' dir='ltr'>declararentque,quam</span> <span class='ocrx_word' id='word_1_479' title='bbox 1483 3226 1620 3317; x_wconf 78' lang='lat' dir='ltr'>erga</span> <span class='ocrx_word' id='word_1_480' title='bbox 1642 3262 1702 3301; x_wconf 87' lang='lat' dir='ltr'>se</span> <span class='ocrx_word' id='word_1_481' title='bbox 1732 3226 2016 3302; x_wconf 75' lang='lat' dir='ltr'>haberent</span> 
     </span>
    </p>
   </div>
   <div class='ocr_carea' id='block_1_67' title="bbox 2128 3226 3784 3319">
    <p class='ocr_par' dir='ltr' id='par_1_67' title="bbox 2129 3234 3784 3319">
     <span class='ocr_line' id='line_1_67' title="bbox 2129 3234 3784 3319; baseline 0.001 -23"><span class='ocrx_word' id='word_1_482' title='bbox 2129 3261 2241 3296; x_wconf 82' lang='grc' dir='ltr'>στιν</span> <span class='ocrx_word' id='word_1_483' title='bbox 2276 3241 2424 3317; x_wconf 80' lang='grc' dir='ltr'>εἶχον</span> <span class='ocrx_word' id='word_1_484' title='bbox 2473 3234 2549 3302; x_wconf 80' lang='grc' dir='ltr'>εἰς</span> <span class='ocrx_word' id='word_1_485' title='bbox 2597 3239 2778 3295; x_wconf 86' lang='grc' dir='ltr'>αὐτόν.</span> <span class='ocrx_word' id='word_1_486' title='bbox 2812 3246 2988 3296; x_wconf 75' lang='grc' dir='ltr'>Ταῦτα</span> <span class='ocrx_word' id='word_1_487' title='bbox 3034 3242 3182 3318; x_wconf 84' lang='grc' dir='ltr'>παρά</span> <span class='ocrx_word' id='word_1_488' title='bbox 3207 3246 3316 3296; x_wconf 80' lang='grc' dir='ltr'>τῶν</span> <span class='ocrx_word' id='word_1_489' title='bbox 3364 3242 3616 3319; x_wconf 89' lang='grc' dir='ltr'>Πατέρων</span> <span class='ocrx_word' id='word_1_490' title='bbox 3651 3242 3784 3317; x_wconf 78' lang='grc' dir='ltr'>ἐμά-</span> 
     </span>
    </p>
   </div>
   <div class='ocr_carea' id='block_1_68' title="bbox 369 3333 2016 3408">
    <p class='ocr_par' dir='ltr' id='par_1_68' title="bbox 369 3333 2016 3408">
     <span class='ocr_line' id='line_1_68' title="bbox 369 3333 2016 3408; baseline 0.002 -20"><span class='ocrx_word' id='word_1_491' title='bbox 369 3334 566 3390; x_wconf 81' lang='lat' dir='ltr'>ﬂdem.</span> <span class='ocrx_word' id='word_1_492' title='bbox 601 3334 731 3390; x_wconf 67' lang='lat' dir='ltr'>Haec</span> <span class='ocrx_word' id='word_1_493' title='bbox 752 3351 786 3389; x_wconf 91' lang='lat' dir='ltr'>a</span> <span class='ocrx_word' id='word_1_494' title='bbox 807 3334 1081 3389; x_wconf 90' lang='lat' dir='ltr'>Patribus</span> <span class='ocrx_word' id='word_1_495' title='bbox 1112 3333 1462 3402; x_wconf 88' lang='lat' dir='ltr'>didicimus;</span> <span class='ocrx_word' id='word_1_496' title='bbox 1495 3334 1620 3390; x_wconf 74' lang='lat' dir='ltr'>haec</span> <span class='ocrx_word' id='word_1_497' title='bbox 1675 3335 2016 3408; x_wconf 87' lang='lat' dir='ltr'>imperatori</span> 
     </span>
    </p>
   </div>
   <div class='ocr_carea' id='block_1_69' title="bbox 365 3422 2016 3491">
    <p class='ocr_par' dir='ltr' id='par_1_69' title="bbox 365 3422 2016 3491">
     <span class='ocr_line' id='line_1_69' title="bbox 365 3422 2016 3491; baseline 0.001 -12"><span class='ocrx_word' id='word_1_498' title='bbox 365 3423 671 3491; x_wconf 89' lang='lat' dir='ltr'>renuntia;</span> <span class='ocrx_word' id='word_1_499' title='bbox 705 3423 829 3479; x_wconf 85' lang='lat' dir='ltr'>haec</span> <span class='ocrx_word' id='word_1_500' title='bbox 861 3427 917 3479; x_wconf 90' lang='lat' dir='ltr'>et</span> <span class='ocrx_word' id='word_1_501' title='bbox 942 3422 1025 3478; x_wconf 94' lang='lat' dir='ltr'>illi</span> <span class='ocrx_word' id='word_1_502' title='bbox 1048 3427 1106 3478; x_wconf 91' lang='lat' dir='ltr'>et</span> <span class='ocrx_word' id='word_1_503' title='bbox 1133 3422 1401 3478; x_wconf 68' lang='lat' dir='ltr'>Ecclesiae</span> <span class='ocrx_word' id='word_1_504' title='bbox 1460 3423 1828 3479; x_wconf 77' lang='lat' dir='ltr'>aedificationi</span> <span class='ocrx_word' id='word_1_505' title='bbox 1879 3441 2016 3480; x_wconf 90' lang='lat' dir='ltr'>cou-</span> 
     </span>
    </p>
   </div>
   <div class='ocr_carea' id='block_1_70' title="bbox 361 3511 2016 3585">
    <p class='ocr_par' dir='ltr' id='par_1_70' title="bbox 361 3511 2016 3585">
     <span class='ocr_line' id='line_1_70' title="bbox 361 3511 2016 3585; baseline 0.001 -17"><span class='ocrx_word' id='word_1_506' title='bbox 361 3513 605 3568; x_wconf 92' lang='lat' dir='ltr'>ducunt.</span> <span class='ocrx_word' id='word_1_507' title='bbox 639 3513 720 3568; x_wconf 92' lang='lat' dir='ltr'>Nc</span> <span class='ocrx_word' id='word_1_508' title='bbox 741 3512 1058 3568; x_wconf 89' lang='lat' dir='ltr'>audiantur</span> <span class='ocrx_word' id='word_1_509' title='bbox 1081 3511 1358 3568; x_wconf 90' lang='lat' dir='ltr'>Ursacius</span> <span class='ocrx_word' id='word_1_510' title='bbox 1389 3517 1448 3567; x_wconf 89' lang='lat' dir='ltr'>et</span> <span class='ocrx_word' id='word_1_511' title='bbox 1467 3512 1681 3569; x_wconf 86' lang='lat' dir='ltr'>Valens</span> <span class='ocrx_word' id='word_1_512' title='bbox 1708 3531 1720 3567; x_wconf 92' lang='lat'><strong>:</strong></span> <span class='ocrx_word' id='word_1_513' title='bbox 1757 3514 1859 3585; x_wconf 92' lang='lat' dir='ltr'>qui</span> <span class='ocrx_word' id='word_1_514' title='bbox 1881 3530 2016 3570; x_wconf 93' lang='lat' dir='ltr'>cum</span> 
     </span>
    </p>
   </div>
   <div class='ocr_carea' id='block_1_71' title="bbox 361 3600 2016 3675">
    <p class='ocr_par' dir='ltr' id='par_1_71' title="bbox 361 3600 2016 3675">
     <span class='ocr_line' id='line_1_71' title="bbox 361 3600 2016 3675; baseline 0.001 -18"><span class='ocrx_word' id='word_1_515' title='bbox 361 3603 433 3658; x_wconf 91' lang='lat' dir='ltr'>de</span> <span class='ocrx_word' id='word_1_516' title='bbox 465 3602 640 3658; x_wconf 90' lang='lat' dir='ltr'>rebus</span> <span class='ocrx_word' id='word_1_517' title='bbox 671 3619 704 3657; x_wconf 87' lang='lat' dir='ltr'>a</span> <span class='ocrx_word' id='word_1_518' title='bbox 740 3617 803 3658; x_wconf 89' lang='lat' dir='ltr'>se</span> <span class='ocrx_word' id='word_1_519' title='bbox 823 3606 958 3656; x_wconf 88' lang='lat' dir='ltr'>ante</span> <span class='ocrx_word' id='word_1_520' title='bbox 978 3600 1158 3674; x_wconf 87' lang='lat' dir='ltr'>gestis</span> <span class='ocrx_word' id='word_1_521' title='bbox 1191 3601 1595 3673; x_wconf 72' lang='lat' dir='ltr'>paenitentiam</span> <span class='ocrx_word' id='word_1_522' title='bbox 1619 3602 1864 3675; x_wconf 89' lang='lat' dir='ltr'>egerint,</span> <span class='ocrx_word' id='word_1_523' title='bbox 1888 3604 2016 3674; x_wconf 86' lang='lat' dir='ltr'>jam</span> 
     </span>
    </p>
   </div>
   <div class='ocr_carea' id='block_1_72' title="bbox 362 3689 1139 3760">
    <p class='ocr_par' dir='ltr' id='par_1_72' title="bbox 362 3689 1139 3760">
     <span class='ocr_line' id='line_1_72' title="bbox 362 3689 1139 3760; baseline -0.001 -14"><span class='ocrx_word' id='word_1_524' title='bbox 362 3690 609 3746; x_wconf 90' lang='lat' dir='ltr'>minime</span> <span class='ocrx_word' id='word_1_525' title='bbox 642 3689 754 3746; x_wconf 82' lang='lat' dir='ltr'>ﬁde</span> <span class='ocrx_word' id='word_1_526' title='bbox 785 3689 947 3760; x_wconf 84' lang='lat' dir='ltr'>digni</span> <span class='ocrx_word' id='word_1_527' title='bbox 980 3694 1139 3745; x_wconf 90' lang='lat' dir='ltr'>sunt.</span> 
     </span>
    </p>
   </div>
   <div class='ocr_carea' id='block_1_73' title="bbox 431 3779 2018 3852">
    <p class='ocr_par' dir='ltr' id='par_1_73' title="bbox 431 3779 2018 3852">
     <span class='ocr_line' id='line_1_73' title="bbox 431 3779 2018 3852; baseline 0.004 -19"><span class='ocrx_word' id='word_1_528' title='bbox 431 3779 520 3834; x_wconf 91' lang='lat'>37.</span> <span class='ocrx_word' id='word_1_529' title='bbox 559 3780 686 3834; x_wconf 67' lang='lat' dir='ltr'>Haec</span> <span class='ocrx_word' id='word_1_530' title='bbox 717 3779 1029 3852; x_wconf 91' lang='lat' dir='ltr'>episcopus</span> <span class='ocrx_word' id='word_1_531' title='bbox 1065 3779 1347 3836; x_wconf 90' lang='lat' dir='ltr'>Liberius.</span> <span class='ocrx_word' id='word_1_532' title='bbox 1382 3782 1454 3835; x_wconf 86' lang='lat' dir='ltr'>At</span> <span class='ocrx_word' id='word_1_533' title='bbox 1490 3781 1805 3838; x_wconf 90' lang='lat' dir='ltr'>eunuchus</span> <span class='ocrx_word' id='word_1_534' title='bbox 1862 3783 2018 3839; x_wconf 90' lang='lat' dir='ltr'>indi-</span> 
     </span>
    </p>
   </div>
   <div class='ocr_carea' id='block_1_74' title="bbox 360 3869 2017 3943">
    <p class='ocr_par' dir='ltr' id='par_1_74' title="bbox 360 3869 2017 3943">
     <span class='ocr_line' id='line_1_74' title="bbox 360 3869 2017 3943; baseline 0.003 -20"><span class='ocrx_word' id='word_1_535' title='bbox 360 3872 596 3941; x_wconf 91' lang='lat' dir='ltr'>gnatus,</span> <span class='ocrx_word' id='word_1_536' title='bbox 625 3885 741 3924; x_wconf 90' lang='lat' dir='ltr'>non</span> <span class='ocrx_word' id='word_1_537' title='bbox 767 3871 892 3924; x_wconf 90' lang='lat' dir='ltr'>tam</span> <span class='ocrx_word' id='word_1_538' title='bbox 924 3869 1081 3940; x_wconf 89' lang='lat' dir='ltr'>quod</span> <span class='ocrx_word' id='word_1_539' title='bbox 1113 3869 1485 3925; x_wconf 90' lang='lat' dir='ltr'>subscribere</span> <span class='ocrx_word' id='word_1_540' title='bbox 1516 3874 1804 3938; x_wconf 88' lang='lat' dir='ltr'>renueret,</span> <span class='ocrx_word' id='word_1_541' title='bbox 1838 3888 2017 3943; x_wconf 89' lang='lat' dir='ltr'>quam</span> 
     </span>
    </p>
   </div>
   <div class='ocr_carea' id='block_1_75' title="bbox 369 3956 2021 4031">
    <p class='ocr_par' dir='ltr' id='par_1_75' title="bbox 369 3956 2021 4031">
     <span class='ocr_line' id='line_1_75' title="bbox 369 3956 2021 4031; baseline 0.003 -19"><span class='ocrx_word' id='word_1_542' title='bbox 369 3959 526 4030; x_wconf 92' lang='lat' dir='ltr'>quod</span> <span class='ocrx_word' id='word_1_543' title='bbox 558 3956 724 4012; x_wconf 92' lang='lat' dir='ltr'>illum</span> <span class='ocrx_word' id='word_1_544' title='bbox 758 3957 964 4014; x_wconf 69' lang='lat' dir='ltr'>haaresi</span> <span class='ocrx_word' id='word_1_545' title='bbox 997 3957 1400 4014; x_wconf 85' lang='lat' dir='ltr'>adversarium</span> <span class='ocrx_word' id='word_1_546' title='bbox 1430 3959 1833 4031; x_wconf 86' lang='lat' dir='ltr'>comperisset,</span> <span class='ocrx_word' id='word_1_547' title='bbox 1868 3961 2021 4018; x_wconf 86' lang='lat' dir='ltr'>obli-</span> 
     </span>
    </p>
   </div>
   <div class='ocr_carea' id='block_1_76' title="bbox 359 4047 2021 4119">
    <p class='ocr_par' dir='ltr' id='par_1_76' title="bbox 359 4047 2021 4119">
     <span class='ocr_line' id='line_1_76' title="bbox 359 4047 2021 4119; baseline 0.002 -17"><span class='ocrx_word' id='word_1_548' title='bbox 359 4051 576 4118; x_wconf 90' lang='lat' dir='ltr'>tusque</span> <span class='ocrx_word' id='word_1_549' title='bbox 607 4061 670 4102; x_wconf 92' lang='lat' dir='ltr'>se</span> <span class='ocrx_word' id='word_1_550' title='bbox 701 4062 894 4101; x_wconf 87' lang='lat' dir='ltr'>coram</span> <span class='ocrx_word' id='word_1_551' title='bbox 925 4047 1199 4119; x_wconf 85' lang='lat' dir='ltr'>episcopo</span> <span class='ocrx_word' id='word_1_552' title='bbox 1232 4051 1408 4118; x_wconf 87' lang='lat' dir='ltr'>stare,</span> <span class='ocrx_word' id='word_1_553' title='bbox 1439 4047 1654 4104; x_wconf 81' lang='lat' dir='ltr'>acriter</span> <span class='ocrx_word' id='word_1_554' title='bbox 1682 4048 2021 4105; x_wconf 89' lang='lat' dir='ltr'>intermina-</span> 
     </span>
    </p>
   </div>
   <div class='ocr_carea' id='block_1_77' title="bbox 362 4137 2018 4213">
    <p class='ocr_par' dir='ltr' id='par_1_77' title="bbox 362 4137 2018 4213">
     <span class='ocr_line' id='line_1_77' title="bbox 362 4137 2018 4213; baseline 0.002 -20"><span class='ocrx_word' id='word_1_555' title='bbox 362 4141 460 4193; x_wconf 92' lang='lat' dir='ltr'>tus</span> <span class='ocrx_word' id='word_1_556' title='bbox 492 4153 624 4192; x_wconf 93' lang='lat' dir='ltr'>cum</span> <span class='ocrx_word' id='word_1_557' title='bbox 657 4137 828 4192; x_wconf 91' lang='lat' dir='ltr'>donis</span> <span class='ocrx_word' id='word_1_558' title='bbox 861 4137 1000 4202; x_wconf 89' lang='lat' dir='ltr'>abit,</span> <span class='ocrx_word' id='word_1_559' title='bbox 1037 4138 1438 4210; x_wconf 87' lang='lat' dir='ltr'>nefariamque</span> <span class='ocrx_word' id='word_1_560' title='bbox 1482 4156 1605 4194; x_wconf 91' lang='lat' dir='ltr'>rem</span> <span class='ocrx_word' id='word_1_561' title='bbox 1660 4141 2018 4213; x_wconf 85' lang='lat' dir='ltr'>aggreditur,</span> 
     </span>
    </p>
   </div>
   <div class='ocr_carea' id='block_1_78' title="bbox 365 4225 2021 4302">
    <p class='ocr_par' dir='ltr' id='par_1_78' title="bbox 365 4225 2021 4302">
     <span class='ocr_line' id='line_1_78' title="bbox 365 4225 2021 4302; baseline 0.003 -20"><span class='ocrx_word' id='word_1_562' title='bbox 365 4243 491 4299; x_wconf 69' lang='lat' dir='ltr'>quae</span> <span class='ocrx_word' id='word_1_563' title='bbox 523 4244 558 4282; x_wconf 90' lang='lat' dir='ltr'>a</span> <span class='ocrx_word' id='word_1_564' title='bbox 588 4225 941 4282; x_wconf 86' lang='lat' dir='ltr'>Christianis</span> <span class='ocrx_word' id='word_1_565' title='bbox 971 4225 1210 4298; x_wconf 90' lang='lat' dir='ltr'>quidem</span> <span class='ocrx_word' id='word_1_566' title='bbox 1265 4227 1602 4296; x_wconf 88' lang='lat' dir='ltr'>abhorreat,</span> <span class='ocrx_word' id='word_1_567' title='bbox 1663 4231 2021 4302; x_wconf 85' lang='lat' dir='ltr'>majorisque</span> 
     </span>
    </p>
   </div>
   <div class='ocr_carea' id='block_1_79' title="bbox 367 4314 2022 4388">
    <p class='ocr_par' dir='ltr' id='par_1_79' title="bbox 367 4314 2022 4388">
     <span class='ocr_line' id='line_1_79' title="bbox 367 4314 2022 4388; baseline 0.002 -17"><span class='ocrx_word' id='word_1_568' title='bbox 367 4315 444 4372; x_wconf 86' lang='lat' dir='ltr'>sit</span> <span class='ocrx_word' id='word_1_569' title='bbox 473 4314 729 4371; x_wconf 65' lang='lat' dir='ltr'>audacia;</span> <span class='ocrx_word' id='word_1_570' title='bbox 762 4331 940 4387; x_wconf 89' lang='lat' dir='ltr'>quam</span> <span class='ocrx_word' id='word_1_571' title='bbox 981 4332 1110 4387; x_wconf 84' lang='lat' dir='ltr'>quae</span> <span class='ocrx_word' id='word_1_572' title='bbox 1173 4316 1497 4388; x_wconf 88' lang='lat' dir='ltr'>spadonem</span> <span class='ocrx_word' id='word_1_573' title='bbox 1547 4318 1767 4375; x_wconf 89' lang='lat' dir='ltr'>deceat.</span> <span class='ocrx_word' id='word_1_574' title='bbox 1828 4319 2022 4376; x_wconf 90' lang='lat' dir='ltr'>Saulis</span> 
     </span>
    </p>
   </div>
   <div class='ocr_carea' id='block_1_80' title="bbox 366 4404 2020 4481">
    <p class='ocr_par' dir='ltr' id='par_1_80' title="bbox 366 4404 2020 4481">
     <span class='ocr_line' id='line_1_80' title="bbox 366 4404 2020 4481; baseline 0.003 -22"><span class='ocrx_word' id='word_1_575' title='bbox 366 4405 581 4478; x_wconf 91' lang='lat' dir='ltr'>quippe</span> <span class='ocrx_word' id='word_1_576' title='bbox 602 4404 1134 4477; x_wconf 71' lang='lat' dir='ltr'>praevaricationem</span> <span class='ocrx_word' id='word_1_577' title='bbox 1163 4404 1450 4474; x_wconf 84' lang='lat' dir='ltr'>imitatus,</span> <span class='ocrx_word' id='word_1_578' title='bbox 1485 4408 1899 4481; x_wconf 84' lang='lat' dir='ltr'>profectusque</span> <span class='ocrx_word' id='word_1_579' title='bbox 1949 4407 2020 4464; x_wconf 91' lang='lat' dir='ltr'>ad</span> 
     </span>
    </p>
   </div>
   <div class='ocr_carea' id='block_1_81' title="bbox 370 4494 2024 4570">
    <p class='ocr_par' dir='ltr' id='par_1_81' title="bbox 370 4494 2024 4570">
     <span class='ocr_line' id='line_1_81' title="bbox 370 4494 2024 4570; baseline 0.002 -19"><span class='ocrx_word' id='word_1_580' title='bbox 370 4494 716 4568; x_wconf 81' lang='lat' dir='ltr'>Martyrium</span> <span class='ocrx_word' id='word_1_581' title='bbox 750 4494 902 4550; x_wconf 91' lang='lat' dir='ltr'>Petri</span> <span class='ocrx_word' id='word_1_582' title='bbox 929 4494 1198 4567; x_wconf 85' lang='lat' dir='ltr'>apostoli,</span> <span class='ocrx_word' id='word_1_583' title='bbox 1224 4495 1305 4550; x_wconf 93' lang='lat' dir='ltr'>ibi</span> <span class='ocrx_word' id='word_1_584' title='bbox 1338 4496 1492 4551; x_wconf 91' lang='lat' dir='ltr'>dona</span> <span class='ocrx_word' id='word_1_585' title='bbox 1520 4495 1620 4552; x_wconf 89' lang='lat' dir='ltr'>illa</span> <span class='ocrx_word' id='word_1_586' title='bbox 1641 4499 2024 4570; x_wconf 80' lang='lat' dir='ltr'>appo‘suit.Re</span> 
     </span>
    </p>
   </div>
   <div class='ocr_carea' id='block_1_82' title="bbox 2125 3328 3783 3408">
    <p class='ocr_par' dir='ltr' id='par_1_82' title="bbox 2125 3328 3783 3408">
     <span class='ocr_line' id='line_1_82' title="bbox 2125 3328 3783 3408; baseline 0 -22"><span class='ocrx_word' id='word_1_587' title='bbox 2125 3333 2291 3404; x_wconf 86' lang='grc' dir='ltr'>θομεν</span> <span class='ocrx_word' id='word_1_588' title='bbox 2325 3349 2338 3362; x_wconf 89' lang='grc'><strong>·</strong></span> <span class='ocrx_word' id='word_1_589' title='bbox 2370 3334 2539 3384; x_wconf 81' lang='grc' dir='ltr'>ταῦτα</span> <span class='ocrx_word' id='word_1_590' title='bbox 2587 3328 2913 3406; x_wconf 87' lang='grc' dir='ltr'>ἐπάγγειλον</span> <span class='ocrx_word' id='word_1_591' title='bbox 2953 3335 3033 3403; x_wconf 79' lang='grc' dir='ltr'>τῷ</span> <span class='ocrx_word' id='word_1_592' title='bbox 3085 3328 3318 3405; x_wconf 85' lang='grc' dir='ltr'>βασιλεῖ·</span> <span class='ocrx_word' id='word_1_593' title='bbox 3350 3335 3518 3387; x_wconf 80' lang='grc' dir='ltr'>ταῦτα</span> <span class='ocrx_word' id='word_1_594' title='bbox 3556 3331 3660 3408; x_wconf 79' lang='grc' dir='ltr'>γὰρ</span> <span class='ocrx_word' id='word_1_595' title='bbox 3691 3333 3783 3388; x_wconf 85' lang='grc' dir='ltr'>καὶ</span> 
     </span>
    </p>
   </div>
   <div class='ocr_carea' id='block_1_83' title="bbox 2128 3417 3781 3498">
    <p class='ocr_par' dir='ltr' id='par_1_83' title="bbox 2128 3417 3781 3498">
     <span class='ocr_line' id='line_1_83' title="bbox 2128 3417 3781 3498; baseline 0.002 -23"><span class='ocrx_word' id='word_1_596' title='bbox 2128 3421 2273 3493; x_wconf 75' lang='grc' dir='ltr'>αύτῷ</span> <span class='ocrx_word' id='word_1_597' title='bbox 2322 3420 2603 3498; x_wconf 72' lang='grc' dir='ltr'>συμφέρει,</span> <span class='ocrx_word' id='word_1_598' title='bbox 2653 3419 2744 3474; x_wconf 80' lang='grc' dir='ltr'>καὶ</span> <span class='ocrx_word' id='word_1_599' title='bbox 2789 3421 2890 3489; x_wconf 71' lang='grc' dir='ltr'>την</span> <span class='ocrx_word' id='word_1_600' title='bbox 2951 3417 3279 3490; x_wconf 90' lang='grc' dir='ltr'>Ἐκκλησίαν</span> <span class='ocrx_word' id='word_1_601' title='bbox 3339 3418 3647 3496; x_wconf 60' lang='grc' dir='ltr'>ῌκοδομεῖ.</span> <span class='ocrx_word' id='word_1_602' title='bbox 3690 3419 3781 3493; x_wconf 78' lang='grc' dir='ltr'>Μὴ</span> 
     </span>
    </p>
   </div>
   <div class='ocr_carea' id='block_1_84' title="bbox 2128 3507 3785 3590">
    <p class='ocr_par' dir='ltr' id='par_1_84' title="bbox 2128 3507 3785 3590">
     <span class='ocr_line' id='line_1_84' title="bbox 2128 3507 3785 3590; baseline 0.002 -26"><span class='ocrx_word' id='word_1_603' title='bbox 2128 3511 2368 3565; x_wconf 86' lang='grc' dir='ltr'>ἀκουέτω</span> <span class='ocrx_word' id='word_1_604' title='bbox 2401 3512 2512 3584; x_wconf 80' lang='grc'>(40)</span> <span class='ocrx_word' id='word_1_605' title='bbox 2546 3507 2603 3564; x_wconf 77' lang='grc' dir='ltr'>δέ</span> <span class='ocrx_word' id='word_1_606' title='bbox 2649 3509 2944 3584; x_wconf 81' lang='grc' dir='ltr'>Οὐρσάκιος</span> <span class='ocrx_word' id='word_1_607' title='bbox 2991 3509 3082 3564; x_wconf 78' lang='grc' dir='ltr'>καὶ</span> <span class='ocrx_word' id='word_1_608' title='bbox 3131 3507 3350 3580; x_wconf 76' lang='grc' dir='ltr'>Οὐάλης</span> <span class='ocrx_word' id='word_1_609' title='bbox 3374 3528 3387 3542; x_wconf 89' lang='grc'><strong>·</strong></span> <span class='ocrx_word' id='word_1_610' title='bbox 3419 3511 3511 3566; x_wconf 82' lang='grc' dir='ltr'>καὶ</span> <span class='ocrx_word' id='word_1_611' title='bbox 3559 3513 3662 3590; x_wconf 80' lang='grc' dir='ltr'>γὰρ</span> <span class='ocrx_word' id='word_1_612' title='bbox 3692 3513 3785 3567; x_wconf 88' lang='grc' dir='ltr'>καὶ</span> 
     </span>
    </p>
   </div>
   <div class='ocr_carea' id='block_1_85' title="bbox 2129 3597 3787 3677">
    <p class='ocr_par' dir='ltr' id='par_1_85' title="bbox 2129 3597 3787 3677">
     <span class='ocr_line' id='line_1_85' title="bbox 2129 3597 3787 3677; baseline 0.002 -24"><span class='ocrx_word' id='word_1_613' title='bbox 2129 3599 2179 3653; x_wconf 86' lang='grc' dir='ltr'>ἐν</span> <span class='ocrx_word' id='word_1_614' title='bbox 2213 3605 2330 3661; x_wconf 89' lang='grc' dir='ltr'>τοῖς</span> <span class='ocrx_word' id='word_1_615' title='bbox 2361 3599 2650 3676; x_wconf 84' lang='grc' dir='ltr'>προτέροις</span> <span class='ocrx_word' id='word_1_616' title='bbox 2688 3597 3039 3673; x_wconf 88' lang='grc' dir='ltr'>μετενόησαν,</span> <span class='ocrx_word' id='word_1_617' title='bbox 3069 3599 3182 3670; x_wconf 85' lang='grc' dir='ltr'>καὶ,</span> <span class='ocrx_word' id='word_1_618' title='bbox 3231 3603 3322 3655; x_wconf 75' lang='grc' dir='ltr'>νῦν</span> <span class='ocrx_word' id='word_1_619' title='bbox 3374 3597 3654 3677; x_wconf 90' lang='grc' dir='ltr'>λέγοντες,</span> <span class='ocrx_word' id='word_1_620' title='bbox 3687 3600 3787 3657; x_wconf 79' lang='grc' dir='ltr'>οὐκ</span> 
     </span>
    </p>
   </div>
   <div class='ocr_carea' id='block_1_86' title="bbox 2130 3687 2467 3745">
    <p class='ocr_par' dir='ltr' id='par_1_86' title="bbox 2130 3687 2467 3745">
     <span class='ocr_line' id='line_1_86' title="bbox 2130 3687 2467 3745; baseline 0.006 -3"><span class='ocrx_word' id='word_1_621' title='bbox 2130 3687 2232 3742; x_wconf 81' lang='grc' dir='ltr'>εἶσὶ</span> <span class='ocrx_word' id='word_1_622' title='bbox 2262 3688 2467 3745; x_wconf 90' lang='grc' dir='ltr'>πιστοί.</span> 
     </span>
    </p>
   </div>
   <div class='ocr_carea' id='block_1_87' title="bbox 2135 3771 3786 3855">
    <p class='ocr_par' dir='ltr' id='par_1_87' title="bbox 2135 3771 3786 3855">
     <span class='ocr_line' id='line_1_87' title="bbox 2135 3771 3786 3855; baseline 0.002 -22"><span class='ocrx_word' id='word_1_623' title='bbox 2135 3777 2139 3781; x_wconf 21' lang='grc' dir='ltr'><strong>Δ</strong></span> <span class='ocrx_word' id='word_1_624' title='bbox 2199 3780 2285 3834; x_wconf 89' lang='lat'>37.</span> <span class='ocrx_word' id='word_1_625' title='bbox 2321 3779 2377 3830; x_wconf 74' lang='grc' dir='ltr'>Ὀ</span> <span class='ocrx_word' id='word_1_626' title='bbox 2413 3777 2508 3851; x_wconf 71' lang='grc' dir='ltr'>μὲν</span> <span class='ocrx_word' id='word_1_627' title='bbox 2559 3777 2650 3831; x_wconf 79' lang='grc' dir='ltr'>οὗν</span> <span class='ocrx_word' id='word_1_628' title='bbox 2708 3775 3002 3840; x_wconf 88' lang='grc' dir='ltr'>ἐπίσκοπος</span> <span class='ocrx_word' id='word_1_629' title='bbox 3060 3771 3313 3855; x_wconf 76' lang='grc' dir='ltr'>Λιϐέριος</span> <span class='ocrx_word' id='word_1_630' title='bbox 3367 3783 3608 3834; x_wconf 81' lang='grc' dir='ltr'>τοιαῦτα⁶</span> <span class='ocrx_word' id='word_1_631' title='bbox 3665 3771 3786 3836; x_wconf 69' lang='grc' dir='ltr'>ὁδὶ</span> 
     </span>
    </p>
   </div>
   <div class='ocr_carea' id='block_1_88' title="bbox 2131 3863 3830 3945">
    <p class='ocr_par' dir='ltr' id='par_1_88' title="bbox 2131 3863 3830 3945">
     <span class='ocr_line' id='line_1_88' title="bbox 2131 3863 3830 3945; baseline 0.002 -24"><span class='ocrx_word' id='word_1_632' title='bbox 2131 3866 2412 3942; x_wconf 71' lang='grc' dir='ltr'>εὐνοῦχος,</span> <span class='ocrx_word' id='word_1_633' title='bbox 2448 3863 2734 3936; x_wconf 86' lang='grc' dir='ltr'>λυπηθεὶς,</span> <span class='ocrx_word' id='word_1_634' title='bbox 2783 3865 2843 3921; x_wconf 83' lang='grc' dir='ltr'>ού</span> <span class='ocrx_word' id='word_1_635' title='bbox 2883 3870 3140 3922; x_wconf 78' lang='grc' dir='ltr'>τοσοῦτον</span> <span class='ocrx_word' id='word_1_636' title='bbox 3187 3865 3272 3921; x_wconf 82' lang='grc' dir='ltr'>ὅτι</span> <span class='ocrx_word' id='word_1_637' title='bbox 3329 3869 3403 3941; x_wconf 78' lang='grc' dir='ltr'>μὴ</span> <span class='ocrx_word' id='word_1_638' title='bbox 3450 3867 3782 3945; x_wconf 84' lang='grc' dir='ltr'>ὑπέγραψεν,</span> <span class='ocrx_word' id='word_1_639' title='bbox 3827 3871 3830 3874; x_wconf 68' lang='grc'><strong>’</strong></span> 
     </span>
    </p>
   </div>
   <div class='ocr_carea' id='block_1_89' title="bbox 2131 3954 3785 4032">
    <p class='ocr_par' dir='ltr' id='par_1_89' title="bbox 2131 3954 3785 4032">
     <span class='ocr_line' id='line_1_89' title="bbox 2131 3954 3785 4032; baseline 0.002 -22"><span class='ocrx_word' id='word_1_640' title='bbox 2131 3954 2256 4011; x_wconf 87' lang='grc' dir='ltr'>ἀλλ’</span> <span class='ocrx_word' id='word_1_641' title='bbox 2306 3955 2388 4011; x_wconf 81' lang='grc' dir='ltr'>ὅτι</span> <span class='ocrx_word' id='word_1_642' title='bbox 2436 3962 2537 4025; x_wconf 84' lang='grc' dir='ltr'>τῆς</span> <span class='ocrx_word' id='word_1_643' title='bbox 2569 3954 2828 4032; x_wconf 82' lang='grc' dir='ltr'>αἱρέσεως</span> <span class='ocrx_word' id='word_1_644' title='bbox 2871 3954 3062 4032; x_wconf 79' lang='grc' dir='ltr'>ἐχθρὸν</span> <span class='ocrx_word' id='word_1_645' title='bbox 3114 3955 3272 4012; x_wconf 78' lang='grc' dir='ltr'>αὐτὸν</span> <span class='ocrx_word' id='word_1_646' title='bbox 3318 3956 3490 4032; x_wconf 85' lang='grc' dir='ltr'>εὗρεν,</span> <span class='ocrx_word' id='word_1_647' title='bbox 3527 3957 3785 4014; x_wconf 80' lang='grc' dir='ltr'>ἐπιλαθό-</span> 
     </span>
    </p>
   </div>
   <div class='ocr_carea' id='block_1_90' title="bbox 2135 4041 3788 4120">
    <p class='ocr_par' dir='ltr' id='par_1_90' title="bbox 2135 4041 3788 4120">
     <span class='ocr_line' id='line_1_90' title="bbox 2135 4041 3788 4120; baseline 0.002 -22"><span class='ocrx_word' id='word_1_648' title='bbox 2135 4043 2294 4118; x_wconf 91' lang='grc' dir='ltr'>μενός</span> <span class='ocrx_word' id='word_1_649' title='bbox 2323 4065 2404 4113; x_wconf 90' lang='grc' dir='ltr'>τε,</span> <span class='ocrx_word' id='word_1_650' title='bbox 2454 4043 2538 4098; x_wconf 77' lang='grc' dir='ltr'>ὅτι</span> <span class='ocrx_word' id='word_1_651' title='bbox 2582 4044 2719 4118; x_wconf 84' lang='grc' dir='ltr'>πρὸς</span> <span class='ocrx_word' id='word_1_652' title='bbox 2771 4043 3062 4100; x_wconf 85' lang='grc' dir='ltr'>ἐπίσκοπον</span> <span class='ocrx_word' id='word_1_653' title='bbox 3113 4045 3202 4117; x_wconf 75' lang='grc' dir='ltr'>ἦν,</span> <span class='ocrx_word' id='word_1_654' title='bbox 3242 4041 3500 4120; x_wconf 81' lang='grc' dir='ltr'>μεγάλως</span> <span class='ocrx_word' id='word_1_655' title='bbox 3551 4045 3788 4120; x_wconf 76' lang='grc' dir='ltr'>ἀπειλή-</span> 
     </span>
    </p>
   </div>
   <div class='ocr_carea' id='block_1_91' title="bbox 2131 4131 3790 4212">
    <p class='ocr_par' dir='ltr' id='par_1_91' title="bbox 2131 4131 3790 4212">
     <span class='ocr_line' id='line_1_91' title="bbox 2131 4131 3790 4212; baseline 0.004 -25"><span class='ocrx_word' id='word_1_656' title='bbox 2131 4155 2225 4196; x_wconf 91' lang='grc' dir='ltr'>σας</span> <span class='ocrx_word' id='word_1_657' title='bbox 2259 4132 2522 4210; x_wconf 67' lang='grc' dir='ltr'>ἐξήρχετο</span> <span class='ocrx_word' id='word_1_658' title='bbox 2580 4135 2714 4207; x_wconf 84' lang='grc' dir='ltr'>μετά</span> <span class='ocrx_word' id='word_1_659' title='bbox 2759 4137 2866 4189; x_wconf 79' lang='grc' dir='ltr'>τῶν</span> <span class='ocrx_word' id='word_1_660' title='bbox 2920 4131 3109 4212; x_wconf 83' lang='grc' dir='ltr'>δώρων</span> <span class='ocrx_word' id='word_1_661' title='bbox 3145 4153 3158 4167; x_wconf 89' lang='grc'><strong>·</strong></span> <span class='ocrx_word' id='word_1_662' title='bbox 3200 4135 3424 4212; x_wconf 84' lang='grc' dir='ltr'>πράττει</span> <span class='ocrx_word' id='word_1_663' title='bbox 3483 4132 3541 4190; x_wconf 71' lang='grc' dir='ltr'>δὲ</span> <span class='ocrx_word' id='word_1_664' title='bbox 3582 4157 3636 4191; x_wconf 91' lang='grc' dir='ltr'>τι</span> <span class='ocrx_word' id='word_1_665' title='bbox 3684 4158 3790 4194; x_wconf 89' lang='grc' dir='ltr'>πα-</span> 
     </span>
    </p>
   </div>
   <div class='ocr_carea' id='block_1_92' title="bbox 2133 4221 3794 4300">
    <p class='ocr_par' dir='ltr' id='par_1_92' title="bbox 2133 4221 3794 4300">
     <span class='ocr_line' id='line_1_92' title="bbox 2133 4221 3794 4300; baseline 0.004 -24"><span class='ocrx_word' id='word_1_666' title='bbox 2133 4223 2390 4298; x_wconf 84' lang='grc' dir='ltr'>ράνομον,</span> <span class='ocrx_word' id='word_1_667' title='bbox 2450 4227 2782 4299; x_wconf 81' lang='grc' dir='ltr'>Χριστιανῶν</span> <span class='ocrx_word' id='word_1_668' title='bbox 2839 4223 2932 4298; x_wconf 72' lang='grc' dir='ltr'>μὲν</span> <span class='ocrx_word' id='word_1_669' title='bbox 2997 4221 3314 4300; x_wconf 86' lang='grc' dir='ltr'>ἀλλότριον,</span> <span class='ocrx_word' id='word_1_670' title='bbox 3365 4221 3681 4282; x_wconf 79' lang='grc' dir='ltr'>σπαδόντων</span> <span class='ocrx_word' id='word_1_671' title='bbox 3733 4222 3794 4282; x_wconf 73' lang='grc' dir='ltr'>δὲ</span> 
     </span>
    </p>
   </div>
   <div class='ocr_carea' id='block_1_93' title="bbox 2130 4308 3794 4391">
    <p class='ocr_par' dir='ltr' id='par_1_93' title="bbox 2130 4308 3794 4391">
     <span class='ocr_line' id='line_1_93' title="bbox 2130 4308 3794 4391; baseline 0.002 -25"><span class='ocrx_word' id='word_1_672' title='bbox 2130 4308 2563 4388; x_wconf 86' lang='grc' dir='ltr'>τολμηρότερον.</span> <span class='ocrx_word' id='word_1_673' title='bbox 2594 4313 2700 4382; x_wconf 75' lang='grc' dir='ltr'>Τὴν</span> <span class='ocrx_word' id='word_1_674' title='bbox 2756 4314 2860 4388; x_wconf 82' lang='grc' dir='ltr'>γὰρ</span> <span class='ocrx_word' id='word_1_675' title='bbox 2909 4309 3209 4391; x_wconf 79' lang='grc' dir='ltr'>παράϐασιν</span> <span class='ocrx_word' id='word_1_676' title='bbox 3241 4317 3338 4370; x_wconf 79' lang='grc' dir='ltr'>τοῦ</span> <span class='ocrx_word' id='word_1_677' title='bbox 3374 4313 3555 4370; x_wconf 81' lang='grc' dir='ltr'>Σαοὺλ</span> <span class='ocrx_word' id='word_1_678' title='bbox 3614 4337 3794 4390; x_wconf 89' lang='grc' dir='ltr'>μιμη-</span> 
     </span>
    </p>
   </div>
   <div class='ocr_carea' id='block_1_94' title="bbox 2134 4399 3794 4482">
    <p class='ocr_par' dir='ltr' id='par_1_94' title="bbox 2134 4399 3794 4482">
     <span class='ocr_line' id='line_1_94' title="bbox 2134 4399 3794 4482; baseline 0.004 -27"><span class='ocrx_word' id='word_1_679' title='bbox 2134 4401 2386 4475; x_wconf 86' lang='grc' dir='ltr'>σάμενος,</span> <span class='ocrx_word' id='word_1_680' title='bbox 2421 4399 2668 4456; x_wconf 85' lang='grc' dir='ltr'>ἀπελθὼν</span> <span class='ocrx_word' id='word_1_681' title='bbox 2719 4403 2794 4465; x_wconf 82' lang='grc' dir='ltr'>εἷς</span> <span class='ocrx_word' id='word_1_682' title='bbox 2843 4403 2906 4458; x_wconf 84' lang='grc' dir='ltr'>τὸ</span> <span class='ocrx_word' id='word_1_683' title='bbox 2954 4402 3245 4481; x_wconf 87' lang='grc' dir='ltr'>μαρτύριον</span> <span class='ocrx_word' id='word_1_684' title='bbox 3288 4405 3497 4482; x_wconf 86' lang='grc' dir='ltr'>Πέτρου</span> <span class='ocrx_word' id='word_1_685' title='bbox 3523 4409 3621 4460; x_wconf 78' lang='grc' dir='ltr'>τοῦ</span> <span class='ocrx_word' id='word_1_686' title='bbox 3653 4405 3794 4462; x_wconf 88' lang='grc' dir='ltr'>ἀπο-</span> 
     </span>
    </p>
   </div>
   <div class='ocr_carea' id='block_1_95' title="bbox 2135 4487 3794 4568">
    <p class='ocr_par' dir='ltr' id='par_1_95' title="bbox 2135 4487 3794 4568">
     <span class='ocr_line' id='line_1_95' title="bbox 2135 4487 3794 4568; baseline 0.002 -24"><span class='ocrx_word' id='word_1_687' title='bbox 2135 4488 2354 4559; x_wconf 87' lang='grc' dir='ltr'>στόλου,</span> <span class='ocrx_word' id='word_1_688' title='bbox 2384 4491 2452 4545; x_wconf 79' lang='grc' dir='ltr'>τά</span> <span class='ocrx_word' id='word_1_689' title='bbox 2482 4487 2630 4568; x_wconf 81' lang='grc' dir='ltr'>δῶρα</span> <span class='ocrx_word' id='word_1_690' title='bbox 2658 4489 2805 4564; x_wconf 78' lang='grc' dir='ltr'>αύτῷ</span> <span class='ocrx_word' id='word_1_691' title='bbox 2855 4491 3130 4563; x_wconf 85' lang='grc' dir='ltr'>ἀνέθηκεν.</span> <span class='ocrx_word' id='word_1_692' title='bbox 3185 4490 3364 4547; x_wconf 79' lang='grc' dir='ltr'>Ἀλλὰ</span> <span class='ocrx_word' id='word_1_693' title='bbox 3415 4494 3597 4567; x_wconf 87' lang='grc' dir='ltr'>μαθὼν</span> <span class='ocrx_word' id='word_1_694' title='bbox 3639 4495 3666 4549; x_wconf 93' lang='lat'>6</span> <span class='ocrx_word' id='word_1_695' title='bbox 3693 4501 3794 4550; x_wconf 87' lang='grc' dir='ltr'>Λι-</span> 
     </span>
    </p>
   </div>
   <div class='ocr_carea' id='block_1_96' title="bbox 368 4573 2016 4664">
    <p class='ocr_par' dir='ltr' id='par_1_96' title="bbox 368 4583 2016 4661">
     <span class='ocr_line' id='line_1_96' title="bbox 368 4583 2016 4661; baseline 0.001 -21"><span class='ocrx_word' id='word_1_696' title='bbox 368 4588 684 4656; x_wconf 88' lang='lat' dir='ltr'>comperta,</span> <span class='ocrx_word' id='word_1_697' title='bbox 721 4583 980 4639; x_wconf 84' lang='lat' dir='ltr'>Liberius</span> <span class='ocrx_word' id='word_1_698' title='bbox 1007 4585 1285 4640; x_wconf 88' lang='lat' dir='ltr'>adversus</span> <span class='ocrx_word' id='word_1_699' title='bbox 1309 4584 1418 4640; x_wconf 91' lang='lat' dir='ltr'>loci</span> <span class='ocrx_word' id='word_1_700' title='bbox 1443 4587 1744 4643; x_wconf 88' lang='lat' dir='ltr'>custodem</span> <span class='ocrx_word' id='word_1_701' title='bbox 1768 4588 2016 4661; x_wconf 82' lang='lat' dir='ltr'>graviter</span> 
     </span>
    </p>
   </div>
   <div class='ocr_carea' id='block_1_97' title="bbox 2128 4573 3794 4664">
    <p class='ocr_par' dir='ltr' id='par_1_97' title="bbox 2134 4573 3794 4658">
     <span class='ocr_line' id='line_1_97' title="bbox 2134 4573 3794 4658; baseline 0.004 -25"><span class='ocrx_word' id='word_1_702' title='bbox 2134 4573 2339 4656; x_wconf 75' lang='grc' dir='ltr'>ϐέριος,</span> <span class='ocrx_word' id='word_1_703' title='bbox 2392 4580 2531 4657; x_wconf 88' lang='grc' dir='ltr'>πρὸς</span> <span class='ocrx_word' id='word_1_704' title='bbox 2585 4580 2678 4654; x_wconf 74' lang='grc' dir='ltr'>μὲν</span> <span class='ocrx_word' id='word_1_705' title='bbox 2729 4580 2819 4635; x_wconf 85' lang='grc' dir='ltr'>τὸν</span> <span class='ocrx_word' id='word_1_706' title='bbox 2861 4585 3134 4657; x_wconf 80' lang='grc' dir='ltr'>τηροῦντα</span> <span class='ocrx_word' id='word_1_707' title='bbox 3170 4581 3262 4636; x_wconf 85' lang='grc' dir='ltr'>τὸν</span> <span class='ocrx_word' id='word_1_708' title='bbox 3313 4581 3515 4654; x_wconf 88' lang='grc' dir='ltr'>τόπον,</span> <span class='ocrx_word' id='word_1_709' title='bbox 3562 4583 3654 4639; x_wconf 85' lang='grc' dir='ltr'>καὶ</span> <span class='ocrx_word' id='word_1_710' title='bbox 3716 4585 3794 4658; x_wconf 82' lang='grc' dir='ltr'>μὴ</span> 
     </span>
    </p>
   </div>
   <div class='ocr_carea' id='block_1_98' title="bbox 368 4673 2009 4749">
    <p class='ocr_par' dir='ltr' id='par_1_98' title="bbox 368 4673 2009 4749">
     <span class='ocr_line' id='line_1_98' title="bbox 368 4673 2009 4749; baseline 0.002 -20"><span class='ocrx_word' id='word_1_711' title='bbox 368 4673 724 4739; x_wconf 91' lang='lat' dir='ltr'>succensuit,</span> <span class='ocrx_word' id='word_1_712' title='bbox 754 4673 910 4745; x_wconf 92' lang='lat' dir='ltr'>quod</span> <span class='ocrx_word' id='word_1_713' title='bbox 933 4691 1049 4729; x_wconf 91' lang='lat' dir='ltr'>non</span> <span class='ocrx_word' id='word_1_714' title='bbox 1080 4674 1478 4746; x_wconf 89' lang='lat' dir='ltr'>prohibuisset</span> <span class='ocrx_word' id='word_1_715' title='bbox 1503 4675 1833 4732; x_wconf 89' lang='lat' dir='ltr'>hominem:</span> <span class='ocrx_word' id='word_1_716' title='bbox 1853 4677 2009 4749; x_wconf 89' lang='lat' dir='ltr'>ipsa-</span> 
     </span>
    </p>
   </div>
   <div class='ocr_carea' id='block_1_99' title="bbox 367 4761 2011 4838">
    <p class='ocr_par' dir='ltr' id='par_1_99' title="bbox 367 4761 2011 4838">
     <span class='ocr_line' id='line_1_99' title="bbox 367 4761 2011 4838; baseline 0.004 -22"><span class='ocrx_word' id='word_1_717' title='bbox 367 4779 477 4833; x_wconf 91' lang='lat' dir='ltr'>que</span> <span class='ocrx_word' id='word_1_718' title='bbox 510 4763 665 4819; x_wconf 91' lang='lat' dir='ltr'>dona</span> <span class='ocrx_word' id='word_1_719' title='bbox 689 4766 756 4817; x_wconf 92' lang='lat' dir='ltr'>ut</span> <span class='ocrx_word' id='word_1_720' title='bbox 785 4761 1053 4818; x_wconf 90' lang='lat' dir='ltr'>illicitum</span> <span class='ocrx_word' id='word_1_721' title='bbox 1085 4763 1440 4819; x_wconf 82' lang='lat' dir='ltr'>sacrificium</span> <span class='ocrx_word' id='word_1_722' title='bbox 1473 4765 1721 4836; x_wconf 84' lang='lat' dir='ltr'>abjecit:</span> <span class='ocrx_word' id='word_1_723' title='bbox 1758 4783 1885 4838; x_wconf 63' lang='lat' dir='ltr'>quae</span> <span class='ocrx_word' id='word_1_724' title='bbox 1917 4781 2011 4822; x_wconf 90' lang='lat' dir='ltr'>res</span> 
     </span>
    </p>
   </div>
   <div class='ocr_carea' id='block_1_100' title="bbox 370 4851 2023 4927">
    <p class='ocr_par' dir='ltr' id='par_1_100' title="bbox 370 4851 2023 4927">
     <span class='ocr_line' id='line_1_100' title="bbox 370 4851 2023 4927; baseline 0.002 -20"><span class='ocrx_word' id='word_1_725' title='bbox 370 4856 686 4908; x_wconf 86' lang='lat' dir='ltr'>castratum</span> <span class='ocrx_word' id='word_1_726' title='bbox 712 4851 783 4906; x_wconf 92' lang='lat' dir='ltr'>ad</span> <span class='ocrx_word' id='word_1_727' title='bbox 815 4851 964 4907; x_wconf 89' lang='lat' dir='ltr'>iram</span> <span class='ocrx_word' id='word_1_728' title='bbox 997 4851 1186 4925; x_wconf 90' lang='lat' dir='ltr'>magis</span> <span class='ocrx_word' id='word_1_729' title='bbox 1219 4853 1550 4909; x_wconf 84' lang='lat' dir='ltr'>concitavit.</span> <span class='ocrx_word' id='word_1_730' title='bbox 1602 4854 2023 4927; x_wconf 83' lang='lat' dir='ltr'>Imperatorem</span> 
     </span>
    </p>
   </div>
   <div class='ocr_carea' id='block_1_101' title="bbox 373 4939 2025 5016">
    <p class='ocr_par' dir='ltr' id='par_1_101' title="bbox 373 4939 2025 5016">
     <span class='ocr_line' id='line_1_101' title="bbox 373 4939 2025 5016; baseline 0.004 -21"><span class='ocrx_word' id='word_1_731' title='bbox 373 4940 552 5013; x_wconf 88' lang='lat' dir='ltr'>igitur</span> <span class='ocrx_word' id='word_1_732' title='bbox 581 4939 676 4997; x_wconf 86' lang='lat' dir='ltr'>ills</span> <span class='ocrx_word' id='word_1_733' title='bbox 701 4941 795 4996; x_wconf 88' lang='lat' dir='ltr'>his</span> <span class='ocrx_word' id='word_1_734' title='bbox 826 4947 1152 4997; x_wconf 86' lang='lat' dir='ltr'>commovet</span> <span class='ocrx_word' id='word_1_735' title='bbox 1184 4941 1357 4998; x_wconf 90' lang='lat' dir='ltr'>dictis</span> <span class='ocrx_word' id='word_1_736' title='bbox 1384 4961 1395 4999; x_wconf 90' lang='lat'><strong>:</strong></span> <span class='ocrx_word' id='word_1_737' title='bbox 1430 4942 1555 5000; x_wconf 91' lang='lat' dir='ltr'>Non</span> <span class='ocrx_word' id='word_1_738' title='bbox 1590 4943 1648 4999; x_wconf 94' lang='lat' dir='ltr'>id</span> <span class='ocrx_word' id='word_1_739' title='bbox 1671 4946 1797 5016; x_wconf 90' lang='lat' dir='ltr'>jam</span> <span class='ocrx_word' id='word_1_740' title='bbox 1853 4945 2025 5002; x_wconf 90' lang='lat' dir='ltr'>nobis</span> 
     </span>
    </p>
   </div>
   <div class='ocr_carea' id='block_1_102' title="bbox 375 5030 2023 5099">
    <p class='ocr_par' dir='ltr' id='par_1_102' title="bbox 375 5030 2023 5099">
     <span class='ocr_line' id='line_1_102' title="bbox 375 5030 2023 5099; baseline 0.002 -13"><span class='ocrx_word' id='word_1_741' title='bbox 375 5030 757 5086; x_wconf 88' lang='lat' dir='ltr'>sollicitudini</span> <span class='ocrx_word' id='word_1_742' title='bbox 788 5034 896 5099; x_wconf 91' lang='lat' dir='ltr'>est,</span> <span class='ocrx_word' id='word_1_743' title='bbox 932 5036 996 5086; x_wconf 93' lang='lat' dir='ltr'>ut</span> <span class='ocrx_word' id='word_1_744' title='bbox 1018 5031 1289 5088; x_wconf 89' lang='lat' dir='ltr'>Liberius</span> <span class='ocrx_word' id='word_1_745' title='bbox 1324 5033 1692 5089; x_wconf 87' lang='lat' dir='ltr'>subscribat:</span> <span class='ocrx_word' id='word_1_746' title='bbox 1727 5035 1828 5091; x_wconf 89' lang='lat' dir='ltr'>sed</span> <span class='ocrx_word' id='word_1_747' title='bbox 1879 5033 2023 5090; x_wconf 89' lang='lat' dir='ltr'>illud</span> 
     </span>
    </p>
   </div>
   <div class='ocr_carea' id='block_1_103' title="bbox 376 5119 2024 5193">
    <p class='ocr_par' dir='ltr' id='par_1_103' title="bbox 376 5119 2024 5193">
     <span class='ocr_line' id='line_1_103' title="bbox 376 5119 2024 5193; baseline 0.002 -18"><span class='ocrx_word' id='word_1_748' title='bbox 376 5120 564 5193; x_wconf 87' lang='lat' dir='ltr'>magis</span> <span class='ocrx_word' id='word_1_749' title='bbox 594 5137 700 5176; x_wconf 92' lang='lat' dir='ltr'>nos</span> <span class='ocrx_word' id='word_1_750' title='bbox 732 5119 915 5193; x_wconf 87' lang='lat' dir='ltr'>angit,</span> <span class='ocrx_word' id='word_1_751' title='bbox 941 5121 1095 5193; x_wconf 91' lang='lat' dir='ltr'>quod</span> <span class='ocrx_word' id='word_1_752' title='bbox 1127 5126 1330 5176; x_wconf 89' lang='lat' dir='ltr'>contra</span> <span class='ocrx_word' id='word_1_753' title='bbox 1362 5121 1628 5178; x_wconf 69' lang='lat' dir='ltr'>haeresim</span> <span class='ocrx_word' id='word_1_754' title='bbox 1661 5124 1744 5178; x_wconf 87' lang='lat' dir='ltr'>ita</span> <span class='ocrx_word' id='word_1_755' title='bbox 1788 5123 2024 5192; x_wconf 89' lang='lat' dir='ltr'>sentiat,</span> 
     </span>
    </p>
   </div>
   <div class='ocr_carea' id='block_1_104' title="bbox 377 5209 2026 5286">
    <p class='ocr_par' dir='ltr' id='par_1_104' title="bbox 377 5209 2026 5286">
     <span class='ocr_line' id='line_1_104' title="bbox 377 5209 2026 5286; baseline 0.003 -21"><span class='ocrx_word' id='word_1_756' title='bbox 377 5213 442 5266; x_wconf 88' lang='lat' dir='ltr'>ut</span> <span class='ocrx_word' id='word_1_757' title='bbox 469 5209 816 5266; x_wconf 88' lang='lat' dir='ltr'>nominatim</span> <span class='ocrx_word' id='word_1_758' title='bbox 845 5209 1094 5266; x_wconf 84' lang='lat' dir='ltr'>Arianos</span> <span class='ocrx_word' id='word_1_759' title='bbox 1127 5210 1295 5266; x_wconf 91' lang='lat' dir='ltr'>feriat</span> <span class='ocrx_word' id='word_1_760' title='bbox 1321 5212 1804 5269; x_wconf 89' lang='lat' dir='ltr'>anathemate.Ad</span> <span class='ocrx_word' id='word_1_761' title='bbox 1830 5213 2026 5286; x_wconf 89' lang='lat' dir='ltr'>ipsum</span> 
     </span>
    </p>
   </div>
   <div class='ocr_carea' id='block_1_105' title="bbox 451 5513 2026 5592">
    <p class='ocr_par' dir='ltr' id='par_1_105' title="bbox 451 5513 2026 5592">
     <span class='ocr_line' id='line_1_105' title="bbox 451 5513 2026 5592; baseline 0.001 -18"><span class='ocrx_word' id='word_1_762' title='bbox 451 5519 671 5590; x_wconf 89' lang='lat' dir='ltr'>(38)Sic</span> <span class='ocrx_word' id='word_1_763' title='bbox 701 5517 878 5575; x_wconf 91' lang='lat' dir='ltr'>Basil.</span> <span class='ocrx_word' id='word_1_764' title='bbox 911 5522 969 5574; x_wconf 92' lang='lat' dir='ltr'>et</span> <span class='ocrx_word' id='word_1_765' title='bbox 996 5518 1155 5592; x_wconf 84' lang='lat' dir='ltr'>editi.</span> <span class='ocrx_word' id='word_1_766' title='bbox 1219 5519 1386 5592; x_wconf 74' lang='lat' dir='ltr'>Reg,</span> <span class='ocrx_word' id='word_1_767' title='bbox 1444 5513 1829 5576; x_wconf 76' lang='grc' dir='ltr'>έκϐἀλλονται.</span> <span class='ocrx_word' id='word_1_768' title='bbox 1891 5521 2026 5592; x_wconf 69' lang='lat' dir='ltr'>Quae</span> 
     </span>
    </p>
   </div>
   <div class='ocr_carea' id='block_1_106' title="bbox 384 5589 2030 5731">
    <p class='ocr_par' dir='ltr' id='par_1_106' title="bbox 384 5589 2030 5731">
     <span class='ocr_line' id='line_1_106' title="bbox 384 5589 2030 5664; baseline 0 -19"><span class='ocrx_word' id='word_1_769' title='bbox 384 5589 711 5662; x_wconf 87' lang='lat' dir='ltr'>sequuntur</span> <span class='ocrx_word' id='word_1_770' title='bbox 737 5595 930 5646; x_wconf 91' lang='lat' dir='ltr'>autem</span> <span class='ocrx_word' id='word_1_771' title='bbox 954 5595 1087 5662; x_wconf 90' lang='lat' dir='ltr'>post</span> <span class='ocrx_word' id='word_1_772' title='bbox 1117 5589 1267 5646; x_wconf 87' lang='lat' dir='ltr'>hanc</span> <span class='ocrx_word' id='word_1_773' title='bbox 1296 5589 1712 5664; x_wconf 69' lang='lat' dir='ltr'>vocem,usque</span> <span class='ocrx_word' id='word_1_774' title='bbox 1742 5594 1813 5648; x_wconf 92' lang='lat' dir='ltr'>ad</span> <span class='ocrx_word' id='word_1_775' title='bbox 1837 5589 2030 5646; x_wconf 82' lang='grc' dir='ltr'>έκοάλ-</span> 
     </span>
     <span class='ocr_line' id='line_1_107' title="bbox 385 5657 2029 5731; baseline 0.005 -19"><span class='ocrx_word' id='word_1_776' title='bbox 385 5657 588 5731; x_wconf 43' lang='lat' dir='ltr'>low-cat</span> <span class='ocrx_word' id='word_1_777' title='bbox 620 5677 894 5731; x_wconf 89' lang='lat' dir='ltr'>sequens,</span> <span class='ocrx_word' id='word_1_778' title='bbox 923 5662 1164 5717; x_wconf 91' lang='lat' dir='ltr'>deerant</span> <span class='ocrx_word' id='word_1_779' title='bbox 1202 5664 1261 5716; x_wconf 89' lang='lat' dir='ltr'>in</span> <span class='ocrx_word' id='word_1_780' title='bbox 1293 5664 1432 5720; x_wconf 93' lang='lat' dir='ltr'>edit.</span> <span class='ocrx_word' id='word_1_781' title='bbox 1488 5665 1591 5720; x_wconf 92' lang='lat' dir='ltr'>sed</span> <span class='ocrx_word' id='word_1_782' title='bbox 1644 5665 1939 5721; x_wconf 90' lang='lat' dir='ltr'>habentur</span> <span class='ocrx_word' id='word_1_783' title='bbox 1967 5665 2029 5720; x_wconf 90' lang='lat' dir='ltr'>in</span> 
     </span>
    </p>
   </div>
   <div class='ocr_carea' id='block_1_107' title="bbox 389 5703 2034 5814">
    <p class='ocr_par' dir='ltr' id='par_1_107' title="bbox 389 5703 2034 5814">
     <span class='ocr_line' id='line_1_108' title="bbox 389 5703 2034 5814; baseline 0.004 -22"><span class='ocrx_word' id='word_1_784' title='bbox 389 5729 532 5804; x_wconf 81' lang='lat' dir='ltr'>Reg.</span> <span class='ocrx_word' id='word_1_785' title='bbox 564 5734 623 5790; x_wconf 87' lang='lat' dir='ltr'>et</span> <span class='ocrx_word' id='word_1_786' title='bbox 643 5703 820 5788; x_wconf 54' lang='lat' dir='ltr'>Basil.</span> <span class='ocrx_word' id='word_1_787' title='bbox 843 5703 906 5789; x_wconf 71' lang='lat' dir='ltr'>in</span> <span class='ocrx_word' id='word_1_788' title='bbox 936 5731 1153 5807; x_wconf 88' lang='lat' dir='ltr'>quibus</span> <span class='ocrx_word' id='word_1_789' title='bbox 1180 5749 1292 5792; x_wconf 82' lang='lat' dir='ltr'>vox</span> <span class='ocrx_word' id='word_1_790' title='bbox 1311 5703 2034 5814; x_wconf 56' lang='grc' dir='ltr'>ιγιέἐλέὄοῖτᾶῗέἕὲὶῖὲοέἑ</span> 
     </span>
    </p>
   </div>
   <div class='ocr_carea' id='block_1_108' title="bbox 2132 4667 3800 4746">
    <p class='ocr_par' dir='ltr' id='par_1_108' title="bbox 2132 4667 3800 4746">
     <span class='ocr_line' id='line_1_109' title="bbox 2132 4667 3800 4746; baseline 0.003 -23"><span class='ocrx_word' id='word_1_791' title='bbox 2132 4668 2475 4740; x_wconf 85' lang='grc' dir='ltr'>κωλύσαντα,</span> <span class='ocrx_word' id='word_1_792' title='bbox 2515 4667 2772 4745; x_wconf 76' lang='grc' dir='ltr'>μεγάλως</span> <span class='ocrx_word' id='word_1_793' title='bbox 2806 4672 3181 4746; x_wconf 73' lang='grc' dir='ltr'>ἠγανάκτησεν</span> <span class='ocrx_word' id='word_1_794' title='bbox 3219 4691 3232 4704; x_wconf 76' lang='grc'><strong>⁸</strong></span> <span class='ocrx_word' id='word_1_795' title='bbox 3283 4671 3420 4728; x_wconf 81' lang='grc' dir='ltr'>αὐτᾶ</span> <span class='ocrx_word' id='word_1_796' title='bbox 3452 4667 3509 4728; x_wconf 75' lang='grc' dir='ltr'>δὲ</span> <span class='ocrx_word' id='word_1_797' title='bbox 3559 4673 3636 4736; x_wconf 88' lang='grc' dir='ltr'>ὡς</span> <span class='ocrx_word' id='word_1_798' title='bbox 3669 4671 3800 4728; x_wconf 80' lang='grc' dir='ltr'>ἄθυ-</span> 
     </span>
    </p>
   </div>
   <div class='ocr_carea' id='block_1_109' title="bbox 2131 4757 3799 4838">
    <p class='ocr_par' dir='ltr' id='par_1_109' title="bbox 2131 4757 3799 4838">
     <span class='ocr_line' id='line_1_110' title="bbox 2131 4757 3799 4838; baseline 0.003 -25"><span class='ocrx_word' id='word_1_799' title='bbox 2131 4779 2221 4813; x_wconf 89' lang='grc' dir='ltr'>τον</span> <span class='ocrx_word' id='word_1_800' title='bbox 2257 4759 2441 4814; x_wconf 82' lang='grc' dir='ltr'>θυσίαν</span> <span class='ocrx_word' id='word_1_801' title='bbox 2494 4757 2780 4835; x_wconf 70' lang='grc' dir='ltr'>ἀπέρῥιψε,</span> <span class='ocrx_word' id='word_1_802' title='bbox 2832 4759 2922 4814; x_wconf 82' lang='grc' dir='ltr'>καὶ</span> <span class='ocrx_word' id='word_1_803' title='bbox 2971 4765 3134 4815; x_wconf 78' lang='grc' dir='ltr'>τοῦτο</span> <span class='ocrx_word' id='word_1_804' title='bbox 3184 4758 3397 4835; x_wconf 81' lang='grc' dir='ltr'>μᾷλλον</span> <span class='ocrx_word' id='word_1_805' title='bbox 3443 4761 3520 4825; x_wconf 82' lang='grc' dir='ltr'>είς</span> <span class='ocrx_word' id='word_1_806' title='bbox 3572 4761 3745 4838; x_wconf 76' lang='grc' dir='ltr'>ὀργὴν</span> <span class='ocrx_word' id='word_1_807' title='bbox 3779 4807 3799 4837; x_wconf 90' lang='grc'>,</span> 
     </span>
    </p>
   </div>
   <div class='ocr_carea' id='block_1_110' title="bbox 2135 4846 3796 4928">
    <p class='ocr_par' dir='ltr' id='par_1_110' title="bbox 2135 4846 3796 4928">
     <span class='ocr_line' id='line_1_111' title="bbox 2135 4846 3796 4928; baseline 0.003 -25"><span class='ocrx_word' id='word_1_808' title='bbox 2135 4847 2293 4904; x_wconf 82' lang='grc' dir='ltr'>ἐκίνει</span> <span class='ocrx_word' id='word_1_809' title='bbox 2322 4849 2412 4905; x_wconf 84' lang='grc' dir='ltr'>τὸν</span> <span class='ocrx_word' id='word_1_810' title='bbox 2447 4846 2696 4906; x_wconf 82' lang='grc' dir='ltr'>θλαδῖαν.</span> <span class='ocrx_word' id='word_1_811' title='bbox 2728 4848 3021 4926; x_wconf 83' lang='grc' dir='ltr'>Παροξύνει</span> <span class='ocrx_word' id='word_1_812' title='bbox 3072 4849 3252 4906; x_wconf 88' lang='grc' dir='ltr'>τοίνυν</span> <span class='ocrx_word' id='word_1_813' title='bbox 3310 4846 3557 4926; x_wconf 89' lang='grc' dir='ltr'>βασιλέα,</span> <span class='ocrx_word' id='word_1_814' title='bbox 3590 4849 3796 4928; x_wconf 84' lang='grc' dir='ltr'>λέγων·</span> 
     </span>
    </p>
   </div>
   <div class='ocr_carea' id='block_1_111' title="bbox 2135 4935 3798 5021">
    <p class='ocr_par' dir='ltr' id='par_1_111' title="bbox 2135 4935 3798 5021">
     <span class='ocr_line' id='line_1_112' title="bbox 2135 4935 3798 5021; baseline 0.003 -29"><span class='ocrx_word' id='word_1_815' title='bbox 2135 4938 2324 4993; x_wconf 75' lang='grc' dir='ltr'>Οὐκέτι</span> <span class='ocrx_word' id='word_1_816' title='bbox 2356 4939 2480 5016; x_wconf 86' lang='grc' dir='ltr'>περὶ</span> <span class='ocrx_word' id='word_1_817' title='bbox 2510 4943 2608 4993; x_wconf 82' lang='grc' dir='ltr'>τοῦ</span> <span class='ocrx_word' id='word_1_818' title='bbox 2639 4939 2845 5014; x_wconf 74' lang='grc' dir='ltr'>γράψαι</span> <span class='ocrx_word' id='word_1_819' title='bbox 2878 4935 3164 5014; x_wconf 74' lang='grc' dir='ltr'>Λιϐέριόον</span> <span class='ocrx_word' id='word_1_820' title='bbox 3200 4939 3339 4996; x_wconf 86' lang='grc' dir='ltr'>ἐστιν</span> <span class='ocrx_word' id='word_1_821' title='bbox 3387 4943 3524 5016; x_wconf 74' lang='grc' dir='ltr'>ἡμῖν</span> <span class='ocrx_word' id='word_1_822' title='bbox 3558 4943 3592 5012; x_wconf 81' lang='grc' dir='ltr'>ἡ</span> <span class='ocrx_word' id='word_1_823' title='bbox 3629 4961 3798 5021; x_wconf 77' lang='grc' dir='ltr'>φρον-</span> 
     </span>
    </p>
   </div>
   <div class='ocr_carea' id='block_1_112' title="bbox 2132 5025 3799 5110">
    <p class='ocr_par' dir='ltr' id='par_1_112' title="bbox 2132 5025 3799 5110">
     <span class='ocr_line' id='line_1_113' title="bbox 2132 5025 3799 5110; baseline 0.002 -28"><span class='ocrx_word' id='word_1_824' title='bbox 2132 5027 2239 5097; x_wconf 76' lang='grc' dir='ltr'>τὶς,</span> <span class='ocrx_word' id='word_1_825' title='bbox 2274 5025 2400 5082; x_wconf 89' lang='grc' dir='ltr'>ἀλλ’</span> <span class='ocrx_word' id='word_1_826' title='bbox 2451 5026 2532 5082; x_wconf 77' lang='grc' dir='ltr'>ὅτι</span> <span class='ocrx_word' id='word_1_827' title='bbox 2583 5029 2719 5082; x_wconf 84' lang='grc' dir='ltr'>κατά</span> <span class='ocrx_word' id='word_1_828' title='bbox 2761 5035 2862 5098; x_wconf 77' lang='grc' dir='ltr'>τῆς</span> <span class='ocrx_word' id='word_1_829' title='bbox 2914 5030 3171 5105; x_wconf 76' lang='grc' dir='ltr'>αἱρέσεως</span> <span class='ocrx_word' id='word_1_830' title='bbox 3221 5029 3364 5086; x_wconf 68' lang='grc' dir='ltr'>οὕτω</span> <span class='ocrx_word' id='word_1_831' title='bbox 3397 5036 3603 5110; x_wconf 77' lang='grc' dir='ltr'>φρονεῖ,</span> <span class='ocrx_word' id='word_1_832' title='bbox 3635 5031 3712 5094; x_wconf 85' lang='grc' dir='ltr'>ὡς</span> <span class='ocrx_word' id='word_1_833' title='bbox 3744 5029 3799 5102; x_wconf 77' lang='grc' dir='ltr'>ἐξ</span> 
     </span>
    </p>
   </div>
   <div class='ocr_carea' id='block_1_113' title="bbox 2139 5116 3800 5195">
    <p class='ocr_par' dir='ltr' id='par_1_113' title="bbox 2139 5116 3800 5195">
     <span class='ocr_line' id='line_1_114' title="bbox 2139 5116 3800 5195; baseline 0.002 -24"><span class='ocrx_word' id='word_1_834' title='bbox 2139 5117 2409 5191; x_wconf 87' lang='grc' dir='ltr'>ὀνόματος</span> <span class='ocrx_word' id='word_1_835' title='bbox 2436 5116 2565 5180; x_wconf 75' lang='grc' dir='ltr'>τοὺς</span> <span class='ocrx_word' id='word_1_836' title='bbox 2617 5118 2930 5193; x_wconf 75' lang='grc' dir='ltr'>Ἀρειανοὺς</span> <span class='ocrx_word' id='word_1_837' title='bbox 2985 5119 3390 5195; x_wconf 79' lang='grc' dir='ltr'>ἀναθεματίζειν</span> <span class='ocrx_word' id='word_1_838' title='bbox 3427 5162 3439 5174; x_wconf 94' lang='grc'><strong>.</strong></span> <span class='ocrx_word' id='word_1_839' title='bbox 3493 5121 3589 5183; x_wconf 84' lang='grc' dir='ltr'>Εἷς</span> <span class='ocrx_word' id='word_1_840' title='bbox 3633 5124 3800 5176; x_wconf 79' lang='grc' dir='ltr'>τοῦτο</span> 
     </span>
    </p>
   </div>
   <div class='ocr_carea' id='block_1_114' title="bbox 2139 5204 3800 5286">
    <p class='ocr_par' dir='ltr' id='par_1_114' title="bbox 2139 5204 3800 5286">
     <span class='ocr_line' id='line_1_115' title="bbox 2139 5204 3800 5286; baseline 0.001 -24"><span class='ocrx_word' id='word_1_841' title='bbox 2139 5204 2196 5262; x_wconf 75' lang='grc' dir='ltr'>δὲ</span> <span class='ocrx_word' id='word_1_842' title='bbox 2223 5212 2362 5261; x_wconf 87' lang='grc' dir='ltr'>κινεῖ</span> <span class='ocrx_word' id='word_1_843' title='bbox 2389 5206 2478 5262; x_wconf 83' lang='grc' dir='ltr'>καὶ</span> <span class='ocrx_word' id='word_1_844' title='bbox 2509 5205 2637 5269; x_wconf 77' lang='grc' dir='ltr'>τοὺς</span> <span class='ocrx_word' id='word_1_845' title='bbox 2671 5206 2885 5285; x_wconf 81' lang='grc' dir='ltr'>ἐτέρους</span> <span class='ocrx_word' id='word_1_846' title='bbox 2932 5207 3236 5273; x_wconf 83' lang='grc' dir='ltr'>σπάδοντας</span> <span class='ocrx_word' id='word_1_847' title='bbox 3285 5213 3396 5286; x_wconf 89' lang='grc'>(41)</span> <span class='ocrx_word' id='word_1_848' title='bbox 3432 5256 3444 5269; x_wconf 94' lang='grc'><strong>.</strong></span> <span class='ocrx_word' id='word_1_849' title='bbox 3477 5208 3684 5266; x_wconf 83' lang='grc' dir='ltr'>πολλοὶ</span> <span class='ocrx_word' id='word_1_850' title='bbox 3716 5205 3800 5282; x_wconf 72' lang='grc' dir='ltr'>δὲ,</span> 
     </span>
    </p>
   </div>
   <div class='ocr_carea' id='block_1_115' title="bbox 2139 5513 3110 5591">
    <p class='ocr_par' dir='ltr' id='par_1_115' title="bbox 2139 5513 3110 5591">
     <span class='ocr_line' id='line_1_116' title="bbox 2139 5513 3110 5591; baseline -0.001 -18"><span class='ocrx_word' id='word_1_851' title='bbox 2139 5516 2368 5576; x_wconf 89' lang='lat' dir='ltr'>videtur</span> <span class='ocrx_word' id='word_1_852' title='bbox 2397 5515 2590 5591; x_wconf 73' lang='lat' dir='ltr'>posita</span> <span class='ocrx_word' id='word_1_853' title='bbox 2617 5533 2720 5591; x_wconf 76' lang='lat' dir='ltr'>pro</span> <span class='ocrx_word' id='word_1_854' title='bbox 2754 5513 3110 5591; x_wconf 76' lang='grc' dir='ltr'>ἐγκαλοῦντα.</span> 
     </span>
    </p>
   </div>
   <div class='ocr_carea' id='block_1_116' title="bbox 2235 5587 3454 5678">
    <p class='ocr_par' dir='ltr' id='par_1_116' title="bbox 2235 5587 3454 5678">
     <span class='ocr_line' id='line_1_117' title="bbox 2235 5587 3454 5678; baseline -0.005 -29"><span class='ocrx_word' id='word_1_855' title='bbox 2653 5590 2713 5678; x_wconf 77' lang='lat' dir='ltr'>In</span> <span class='ocrx_word' id='word_1_856' title='bbox 2747 5587 2924 5678; x_wconf 68' lang='lat' dir='ltr'>editis</span> <span class='ocrx_word' id='word_1_857' title='bbox 2955 5588 3243 5646; x_wconf 90' lang='lat' dir='ltr'>articulus</span> <span class='ocrx_word' id='word_1_858' title='bbox 3269 5589 3454 5646; x_wconf 86' lang='lat' dir='ltr'>deest.</span> 
     </span>
    </p>
   </div>
   <div class='ocr_carea' id='block_1_117' title="bbox 2239 5659 2851 5738">
    <p class='ocr_par' dir='ltr' id='par_1_117' title="bbox 2239 5659 2851 5738">
     <span class='ocr_line' id='line_1_118' title="bbox 2239 5659 2851 5738; baseline -0.005 -19"><span class='ocrx_word' id='word_1_859' title='bbox 2239 5659 2851 5738; x_wconf 57' lang='lat' dir='ltr'>40):Fortedxouéat_iw:</span> 
     </span>
    </p>
   </div>
   <div class='ocr_carea' id='block_1_118' title="bbox 2237 5728 3805 5810">
    <p class='ocr_par' dir='ltr' id='par_1_118' title="bbox 2237 5728 3805 5810">
     <span class='ocr_line' id='line_1_119' title="bbox 2237 5728 3805 5810; baseline -0.001 -18"><span class='ocrx_word' id='word_1_860' title='bbox 2237 5728 2591 5810; x_wconf 66' lang='lat' dir='ltr'>41)&#39;Quanta</span> <span class='ocrx_word' id='word_1_861' title='bbox 2623 5734 2780 5809; x_wconf 86' lang='lat' dir='ltr'>apud</span> <span class='ocrx_word' id='word_1_862' title='bbox 2819 5733 3232 5795; x_wconf 86' lang='lat' dir='ltr'>Constantium</span> <span class='ocrx_word' id='word_1_863' title='bbox 3267 5731 3448 5792; x_wconf 79' lang='lat' dir='ltr'>fuerit</span> <span class='ocrx_word' id='word_1_864' title='bbox 3494 5728 3805 5791; x_wconf 84' lang='lat' dir='ltr'>eunucho-</span> 
     </span>
    </p>
   </div>
  </div>
