  <div class='ocr_page' id='page_1' title='image "/cluster/home/n/w/nwhite01/storage/ocr_20150623/25:no.1/coo.31924054873066/662.png"; bbox 0 0 4132 6386; ppageno 0'>
   <div class='ocr_carea' id='block_1_1' title="bbox 304 432 420 493">
    <p class='ocr_par' dir='ltr' id='par_1_1' title="bbox 304 432 420 493">
     <span class='ocr_line' id='line_1_1' title="bbox 304 432 420 493; baseline -0.009 0"><span class='ocrx_word' id='word_1_1' title='bbox 304 432 420 493; x_wconf 89' lang='lat'><strong>737</strong></span> 
     </span>
    </p>
   </div>
   <div class='ocr_carea' id='block_1_2' title="bbox 1248 422 2782 490">
    <p class='ocr_par' dir='ltr' id='par_1_2' title="bbox 1248 422 2782 490">
     <span class='ocr_line' id='line_1_2' title="bbox 1248 422 2782 490; baseline -0.003 0"><span class='ocrx_word' id='word_1_2' title='bbox 1248 426 1625 490; x_wconf 81' lang='lat' dir='ltr'>HISTORIA</span> <span class='ocrx_word' id='word_1_3' title='bbox 1668 422 2146 487; x_wconf 78' lang='lat' dir='ltr'>ARIANORUM</span> <span class='ocrx_word' id='word_1_4' title='bbox 2190 425 2291 484; x_wconf 84' lang='lat' dir='ltr'><strong>AD</strong></span> <span class='ocrx_word' id='word_1_5' title='bbox 2336 424 2782 488; x_wconf 86' lang='lat' dir='ltr'>MONACHOS.</span> 
     </span>
    </p>
   </div>
   <div class='ocr_carea' id='block_1_3' title="bbox 3603 427 3727 488">
    <p class='ocr_par' dir='ltr' id='par_1_3' title="bbox 3603 427 3727 488">
     <span class='ocr_line' id='line_1_3' title="bbox 3603 427 3727 488; baseline 0.032 -4"><span class='ocrx_word' id='word_1_6' title='bbox 3603 427 3727 488; x_wconf 82' lang='lat'><strong>738</strong></span> 
     </span>
    </p>
   </div>
   <div class='ocr_carea' id='block_1_4' title="bbox 301 556 1967 637">
    <p class='ocr_par' dir='ltr' id='par_1_4' title="bbox 301 556 1948 637">
     <span class='ocr_line' id='line_1_4' title="bbox 301 556 1948 637; baseline -0.005 -20"><span class='ocrx_word' id='word_1_7' title='bbox 301 560 515 637; x_wconf 73' lang='grc' dir='ltr'>μᾶλλον</span> <span class='ocrx_word' id='word_1_8' title='bbox 551 558 608 615; x_wconf 71' lang='grc' dir='ltr'>δὲ</span> <span class='ocrx_word' id='word_1_9' title='bbox 638 561 698 615; x_wconf 87' lang='grc' dir='ltr'>τὸ</span> <span class='ocrx_word' id='word_1_10' title='bbox 731 556 858 614; x_wconf 78' lang='grc' dir='ltr'>δλον</span> <span class='ocrx_word' id='word_1_11' title='bbox 893 559 1022 615; x_wconf 79' lang='grc' dir='ltr'>εἰσὶν</span> <span class='ocrx_word' id='word_1_12' title='bbox 1077 559 1330 635; x_wconf 80' lang='grc' dir='ltr'>εύνοῦχοι</span> <span class='ocrx_word' id='word_1_13' title='bbox 1377 560 1520 634; x_wconf 76' lang='grc' dir='ltr'>παρᾶ</span> <span class='ocrx_word' id='word_1_14' title='bbox 1568 556 1948 627; x_wconf 84' lang='grc' dir='ltr'>Κωνσταντίῳ,</span> 
     </span>
    </p>
   </div>
   <div class='ocr_carea' id='block_1_5' title="bbox 2084 556 3728 637">
    <p class='ocr_par' dir='ltr' id='par_1_5' title="bbox 2090 559 3728 632">
     <span class='ocr_line' id='line_1_5' title="bbox 2090 559 3728 632; baseline 0.004 -22"><span class='ocrx_word' id='word_1_15' title='bbox 2090 559 2426 628; x_wconf 88' lang='lat' dir='ltr'>oquendum</span> <span class='ocrx_word' id='word_1_16' title='bbox 2461 562 2697 615; x_wconf 67' lang='lat' dir='ltr'>cmtcros</span> <span class='ocrx_word' id='word_1_17' title='bbox 2761 560 3053 632; x_wconf 85' lang='lat' dir='ltr'>spadones</span> <span class='ocrx_word' id='word_1_18' title='bbox 3109 563 3404 632; x_wconf 83' lang='lat' dir='ltr'>provocat,</span> <span class='ocrx_word' id='word_1_19' title='bbox 3463 559 3728 630; x_wconf 73' lang='lat' dir='ltr'>plerique</span> 
     </span>
    </p>
   </div>
   <div class='ocr_carea' id='block_1_6' title="bbox 296 645 1957 724">
    <p class='ocr_par' dir='ltr' id='par_1_6' title="bbox 296 645 1957 724">
     <span class='ocr_line' id='line_1_6' title="bbox 296 645 1957 724; baseline -0.005 -18"><span class='ocrx_word' id='word_1_20' title='bbox 296 651 386 706; x_wconf 79' lang='grc' dir='ltr'>καὶ</span> <span class='ocrx_word' id='word_1_21' title='bbox 445 652 619 704; x_wconf 73' lang='grc' dir='ltr'>πάντα</span> <span class='ocrx_word' id='word_1_22' title='bbox 677 647 929 703; x_wconf 87' lang='grc' dir='ltr'>δύνανται</span> <span class='ocrx_word' id='word_1_23' title='bbox 987 651 1111 724; x_wconf 86' lang='grc' dir='ltr'>παρ’</span> <span class='ocrx_word' id='word_1_24' title='bbox 1172 649 1352 720; x_wconf 80' lang='grc' dir='ltr'>αύτῷ,</span> <span class='ocrx_word' id='word_1_25' title='bbox 1411 648 1588 723; x_wconf 66' lang='grc' dir='ltr'>χωρίς</span> <span class='ocrx_word' id='word_1_26' title='bbox 1643 668 1702 702; x_wconf 89' lang='grc' dir='ltr'>τε</span> <span class='ocrx_word' id='word_1_27' title='bbox 1753 645 1957 700; x_wconf 88' lang='grc' dir='ltr'>τούτων</span> 
     </span>
    </p>
   </div>
   <div class='ocr_carea' id='block_1_7' title="bbox 296 733 1960 815">
    <p class='ocr_par' dir='ltr' id='par_1_7' title="bbox 296 733 1960 815">
     <span class='ocr_line' id='line_1_7' title="bbox 296 733 1960 815; baseline -0.004 -21"><span class='ocrx_word' id='word_1_28' title='bbox 296 739 448 794; x_wconf 77' lang='grc' dir='ltr'>ούδέν</span> <span class='ocrx_word' id='word_1_29' title='bbox 487 739 624 794; x_wconf 82' lang='grc' dir='ltr'>ἐστιν</span> <span class='ocrx_word' id='word_1_30' title='bbox 681 737 791 793; x_wconf 84' lang='grc' dir='ltr'>ἐκεῖ</span> <span class='ocrx_word' id='word_1_31' title='bbox 843 739 1105 813; x_wconf 67' lang='grc' dir='ltr'>γενέσθαι.</span> <span class='ocrx_word' id='word_1_32' title='bbox 1169 741 1369 815; x_wconf 56' lang='grc' dir='ltr'>Γράφει</span> <span class='ocrx_word' id='word_1_33' title='bbox 1430 736 1494 806; x_wconf 73' lang='grc' dir='ltr'>δη</span> <span class='ocrx_word' id='word_1_34' title='bbox 1549 735 1638 790; x_wconf 82' lang='grc' dir='ltr'>οῦν</span> <span class='ocrx_word' id='word_1_35' title='bbox 1706 733 1960 810; x_wconf 69' lang='grc' dir='ltr'>βασιλεὺς</span> 
     </span>
    </p>
   </div>
   <div class='ocr_carea' id='block_1_8' title="bbox 296 824 1959 901">
    <p class='ocr_par' dir='ltr' id='par_1_8' title="bbox 296 824 1959 901">
     <span class='ocr_line' id='line_1_8' title="bbox 296 824 1959 901; baseline -0.004 -18"><span class='ocrx_word' id='word_1_36' title='bbox 296 829 370 891; x_wconf 85' lang='grc' dir='ltr'>εἷς</span> <span class='ocrx_word' id='word_1_37' title='bbox 403 831 646 901; x_wconf 81' lang='grc' dir='ltr'>Ῥώμην,</span> <span class='ocrx_word' id='word_1_38' title='bbox 693 827 783 882; x_wconf 86' lang='grc' dir='ltr'>καὶ</span> <span class='ocrx_word' id='word_1_39' title='bbox 834 825 995 881; x_wconf 78' lang='grc' dir='ltr'>πάλιν</span> <span class='ocrx_word' id='word_1_40' title='bbox 1046 825 1355 897; x_wconf 77' lang='grc' dir='ltr'>παλατινοῖ,</span> <span class='ocrx_word' id='word_1_41' title='bbox 1403 827 1493 880; x_wconf 83' lang='grc' dir='ltr'>καὶ</span> <span class='ocrx_word' id='word_1_42' title='bbox 1550 827 1816 898; x_wconf 76' lang='grc' dir='ltr'>νοτάριοι,</span> <span class='ocrx_word' id='word_1_43' title='bbox 1867 824 1959 878; x_wconf 83' lang='grc' dir='ltr'>καὶ</span> 
     </span>
    </p>
   </div>
   <div class='ocr_carea' id='block_1_9' title="bbox 292 913 1959 991">
    <p class='ocr_par' dir='ltr' id='par_1_9' title="bbox 292 913 1959 991">
     <span class='ocr_line' id='line_1_9' title="bbox 292 913 1959 991; baseline -0.004 -18"><span class='ocrx_word' id='word_1_44' title='bbox 292 919 534 991; x_wconf 82' lang='grc' dir='ltr'>κόμητες</span> <span class='ocrx_word' id='word_1_45' title='bbox 598 920 709 989; x_wconf 73' lang='grc'>(42)</span> <span class='ocrx_word' id='word_1_46' title='bbox 770 915 1249 984; x_wconf 68' lang='grc' dir='ltr'>ἀποστέλλονται,</span> <span class='ocrx_word' id='word_1_47' title='bbox 1308 916 1397 970; x_wconf 82' lang='grc' dir='ltr'>καὶ</span> <span class='ocrx_word' id='word_1_48' title='bbox 1457 916 1753 990; x_wconf 74' lang='grc' dir='ltr'>γράμματα</span> <span class='ocrx_word' id='word_1_49' title='bbox 1823 913 1959 985; x_wconf 86' lang='grc' dir='ltr'>πρὸς</span> 
     </span>
    </p>
   </div>
   <div class='ocr_carea' id='block_1_10' title="bbox 293 997 1958 1080">
    <p class='ocr_par' dir='ltr' id='par_1_10' title="bbox 293 997 1958 1080">
     <span class='ocr_line' id='line_1_10' title="bbox 293 997 1958 1080; baseline -0.005 -19"><span class='ocrx_word' id='word_1_50' title='bbox 293 1008 384 1061; x_wconf 85' lang='grc' dir='ltr'>τὸν</span> <span class='ocrx_word' id='word_1_51' title='bbox 429 1005 693 1080; x_wconf 84' lang='grc' dir='ltr'>ἔπαρχον,</span> <span class='ocrx_word' id='word_1_52' title='bbox 745 1002 836 1057; x_wconf 77' lang='grc' dir='ltr'>’ίνα</span> <span class='ocrx_word' id='word_1_53' title='bbox 951 1003 1325 1073; x_wconf 72' lang='grc' dir='ltr'>πλανησαντες</span> <span class='ocrx_word' id='word_1_54' title='bbox 1383 1001 1532 1074; x_wconf 83' lang='grc' dir='ltr'>δόλῳ</span> <span class='ocrx_word' id='word_1_55' title='bbox 1561 1003 1652 1055; x_wconf 81' lang='grc' dir='ltr'>τὸν</span> <span class='ocrx_word' id='word_1_56' title='bbox 1705 997 1958 1074; x_wconf 69' lang='grc' dir='ltr'>Λιῧὲριον</span> 
     </span>
    </p>
   </div>
   <div class='ocr_carea' id='block_1_11' title="bbox 295 1089 1960 1170">
    <p class='ocr_par' dir='ltr' id='par_1_11' title="bbox 295 1089 1960 1170">
     <span class='ocr_line' id='line_1_11' title="bbox 295 1089 1960 1170; baseline -0.004 -21"><span class='ocrx_word' id='word_1_57' title='bbox 295 1095 627 1170; x_wconf 74' lang='grc' dir='ltr'>ἐξαγαγωσιν</span> <span class='ocrx_word' id='word_1_58' title='bbox 681 1094 783 1147; x_wconf 82' lang='grc' dir='ltr'>ἀπὸ</span> <span class='ocrx_word' id='word_1_59' title='bbox 831 1101 932 1161; x_wconf 78' lang='grc' dir='ltr'>τῆς</span> <span class='ocrx_word' id='word_1_60' title='bbox 964 1094 1210 1164; x_wconf 68' lang='grc' dir='ltr'>Ῥώμης,</span> <span class='ocrx_word' id='word_1_61' title='bbox 1271 1092 1360 1146; x_wconf 83' lang='grc' dir='ltr'>καὶ</span> <span class='ocrx_word' id='word_1_62' title='bbox 1396 1092 1698 1163; x_wconf 68' lang='grc' dir='ltr'>πέμψωσιν</span> <span class='ocrx_word' id='word_1_63' title='bbox 1764 1090 1840 1151; x_wconf 77' lang='grc' dir='ltr'>εἷς</span> <span class='ocrx_word' id='word_1_64' title='bbox 1899 1089 1960 1142; x_wconf 86' lang='grc' dir='ltr'>τὸ</span> 
     </span>
    </p>
   </div>
   <div class='ocr_carea' id='block_1_12' title="bbox 293 1177 1957 1259">
    <p class='ocr_par' dir='ltr' id='par_1_12' title="bbox 293 1177 1957 1259">
     <span class='ocr_line' id='line_1_12' title="bbox 293 1177 1957 1259; baseline -0.005 -20"><span class='ocrx_word' id='word_1_65' title='bbox 293 1181 650 1259; x_wconf 83' lang='grc' dir='ltr'>στρατόπεδον</span> <span class='ocrx_word' id='word_1_66' title='bbox 715 1182 850 1257; x_wconf 83' lang='grc' dir='ltr'>πρὸς</span> <span class='ocrx_word' id='word_1_67' title='bbox 903 1181 1085 1250; x_wconf 75' lang='grc' dir='ltr'>αὐτὸν,</span> <span class='ocrx_word' id='word_1_68' title='bbox 1138 1182 1170 1250; x_wconf 69' lang='grc' dir='ltr'><strong>ἢ</strong></span> <span class='ocrx_word' id='word_1_69' title='bbox 1233 1181 1324 1256; x_wconf 73' lang='grc' dir='ltr'>βίᾳ</span> <span class='ocrx_word' id='word_1_70' title='bbox 1380 1186 1569 1234; x_wconf 83' lang='grc' dir='ltr'>τοῦτον</span> <span class='ocrx_word' id='word_1_71' title='bbox 1636 1177 1904 1248; x_wconf 75' lang='grc' dir='ltr'>διώξωσιν</span> <span class='ocrx_word' id='word_1_72' title='bbox 1945 1219 1957 1230; x_wconf 94' lang='grc'><strong>.</strong></span> 
     </span>
    </p>
   </div>
   <div class='ocr_carea' id='block_1_13' title="bbox 363 1301 1959 1381">
    <p class='ocr_par' dir='ltr' id='par_1_13' title="bbox 363 1301 1959 1381">
     <span class='ocr_line' id='line_1_13' title="bbox 363 1301 1959 1381; baseline -0.004 -18"><span class='ocrx_word' id='word_1_73' title='bbox 363 1311 450 1365; x_wconf 86' lang='grc'>38.</span> <span class='ocrx_word' id='word_1_74' title='bbox 505 1306 776 1361; x_wconf 89' lang='grc' dir='ltr'>Τοιούτων</span> <span class='ocrx_word' id='word_1_75' title='bbox 832 1303 897 1374; x_wconf 74' lang='grc' dir='ltr'>δὴ</span> <span class='ocrx_word' id='word_1_76' title='bbox 959 1301 1130 1359; x_wconf 76' lang='grc' dir='ltr'>ὅντων</span> <span class='ocrx_word' id='word_1_77' title='bbox 1194 1311 1300 1359; x_wconf 80' lang='grc' dir='ltr'>τῶν</span> <span class='ocrx_word' id='word_1_78' title='bbox 1363 1305 1706 1381; x_wconf 67' lang='grc' dir='ltr'>γραφέντων,</span> <span class='ocrx_word' id='word_1_79' title='bbox 1768 1301 1959 1356; x_wconf 84' lang='grc' dir='ltr'>λοιπὸν</span> 
     </span>
    </p>
   </div>
   <div class='ocr_carea' id='block_1_14' title="bbox 291 1390 1958 1474">
    <p class='ocr_par' dir='ltr' id='par_1_14' title="bbox 291 1390 1958 1474">
     <span class='ocr_line' id='line_1_14' title="bbox 291 1390 1958 1474; baseline -0.005 -22"><span class='ocrx_word' id='word_1_80' title='bbox 291 1399 448 1452; x_wconf 79' lang='grc' dir='ltr'>κάκεῖ</span> <span class='ocrx_word' id='word_1_81' title='bbox 504 1392 674 1474; x_wconf 72' lang='grc' dir='ltr'>φόϐος</span> <span class='ocrx_word' id='word_1_82' title='bbox 729 1397 818 1450; x_wconf 79' lang='grc' dir='ltr'>καὶ</span> <span class='ocrx_word' id='word_1_83' title='bbox 880 1391 1148 1464; x_wconf 72' lang='grc' dir='ltr'>ἐπιϐουλὴ</span> <span class='ocrx_word' id='word_1_84' title='bbox 1209 1397 1344 1449; x_wconf 71' lang='grc' dir='ltr'>κατὰ</span> <span class='ocrx_word' id='word_1_85' title='bbox 1399 1402 1569 1448; x_wconf 72' lang='grc' dir='ltr'>πᾶσαν</span> <span class='ocrx_word' id='word_1_86' title='bbox 1633 1395 1728 1461; x_wconf 67' lang='grc' dir='ltr'>τήν</span> <span class='ocrx_word' id='word_1_87' title='bbox 1792 1390 1958 1445; x_wconf 86' lang='grc' dir='ltr'>πόλιν</span> 
     </span>
    </p>
   </div>
   <div class='ocr_carea' id='block_1_15' title="bbox 293 1480 1960 1559">
    <p class='ocr_par' dir='ltr' id='par_1_15' title="bbox 293 1480 1960 1559">
     <span class='ocr_line' id='line_1_15' title="bbox 293 1480 1960 1559; baseline -0.003 -19"><span class='ocrx_word' id='word_1_88' title='bbox 293 1485 528 1559; x_wconf 76' lang='grc' dir='ltr'>ἤκμαζε.</span> <span class='ocrx_word' id='word_1_89' title='bbox 591 1487 735 1540; x_wconf 81' lang='grc' dir='ltr'>Κατά</span> <span class='ocrx_word' id='word_1_90' title='bbox 797 1483 978 1538; x_wconf 86' lang='grc' dir='ltr'>πόσων</span> <span class='ocrx_word' id='word_1_91' title='bbox 1036 1489 1168 1558; x_wconf 88' lang='grc' dir='ltr'>γοῦν</span> <span class='ocrx_word' id='word_1_92' title='bbox 1229 1483 1392 1538; x_wconf 65' lang='grc' dir='ltr'>οἷ’κων</span> <span class='ocrx_word' id='word_1_93' title='bbox 1454 1480 1655 1550; x_wconf 84' lang='grc' dir='ltr'>ἀπειλὴ</span> <span class='ocrx_word' id='word_1_94' title='bbox 1717 1482 1960 1556; x_wconf 68' lang='grc' dir='ltr'>γέγονε;</span> 
     </span>
    </p>
   </div>
   <div class='ocr_carea' id='block_1_16' title="bbox 295 1566 1961 1650">
    <p class='ocr_par' dir='ltr' id='par_1_16' title="bbox 295 1566 1961 1650">
     <span class='ocr_line' id='line_1_16' title="bbox 295 1566 1961 1650; baseline -0.004 -20"><span class='ocrx_word' id='word_1_95' title='bbox 295 1577 456 1630; x_wconf 87' lang='grc' dir='ltr'>πόσοι</span> <span class='ocrx_word' id='word_1_96' title='bbox 515 1575 685 1636; x_wconf 83' lang='grc' dir='ltr'>πόσας</span> <span class='ocrx_word' id='word_1_97' title='bbox 746 1572 1077 1647; x_wconf 74' lang='grc' dir='ltr'>ἐπαγγελίας</span> <span class='ocrx_word' id='word_1_98' title='bbox 1143 1571 1401 1650; x_wconf 66' lang='grc' dir='ltr'>εἰλήφασι</span> <span class='ocrx_word' id='word_1_99' title='bbox 1459 1573 1595 1627; x_wconf 73' lang='grc' dir='ltr'>κατὰ</span> <span class='ocrx_word' id='word_1_100' title='bbox 1656 1566 1961 1644; x_wconf 70' lang='grc' dir='ltr'>Λιϐερίου;</span> 
     </span>
    </p>
   </div>
   <div class='ocr_carea' id='block_1_17' title="bbox 292 1657 1967 1736">
    <p class='ocr_par' dir='ltr' id='par_1_17' title="bbox 292 1657 1967 1736">
     <span class='ocr_line' id='line_1_17' title="bbox 292 1657 1967 1736; baseline -0.004 -16"><span class='ocrx_word' id='word_1_101' title='bbox 292 1657 452 1720; x_wconf 75' lang='grc' dir='ltr'>πόσοι</span> <span class='ocrx_word' id='word_1_102' title='bbox 493 1669 662 1719; x_wconf 86' lang='grc' dir='ltr'>ταῦτα</span> <span class='ocrx_word' id='word_1_103' title='bbox 716 1661 1010 1736; x_wconf 68' lang='grc' dir='ltr'>βλέποντες</span> <span class='ocrx_word' id='word_1_104' title='bbox 1067 1658 1368 1734; x_wconf 69' lang='grc' dir='ltr'>ἐκρύῧησαν</span> <span class='ocrx_word' id='word_1_105' title='bbox 1422 1662 1710 1716; x_wconf 54' lang='grc' dir='ltr'>ἐπίσκοποι</span> <span class='ocrx_word' id='word_1_106' title='bbox 1754 1678 1766 1727; x_wconf 91' lang='grc'><strong>;</strong></span> <span class='ocrx_word' id='word_1_107' title='bbox 1803 1659 1967 1714; x_wconf 74' lang='grc' dir='ltr'>πόσάι</span> 
     </span>
    </p>
   </div>
   <div class='ocr_carea' id='block_1_18' title="bbox 293 1746 1967 1828">
    <p class='ocr_par' dir='ltr' id='par_1_18' title="bbox 293 1746 1967 1828">
     <span class='ocr_line' id='line_1_18' title="bbox 293 1746 1967 1828; baseline -0.002 -20"><span class='ocrx_word' id='word_1_108' title='bbox 293 1759 400 1809; x_wconf 83' lang='grc' dir='ltr'>τῶν</span> <span class='ocrx_word' id='word_1_109' title='bbox 439 1752 736 1828; x_wconf 77' lang='grc' dir='ltr'>ἐλευθέρων</span> <span class='ocrx_word' id='word_1_110' title='bbox 801 1753 1155 1827; x_wconf 73' lang='grc' dir='ltr'>ἀνεχώρησαν</span> <span class='ocrx_word' id='word_1_111' title='bbox 1220 1752 1297 1813; x_wconf 76' lang='grc' dir='ltr'>εἷς</span> <span class='ocrx_word' id='word_1_112' title='bbox 1347 1751 1530 1827; x_wconf 72' lang='grc' dir='ltr'>χωρία</span> <span class='ocrx_word' id='word_1_113' title='bbox 1592 1749 1678 1805; x_wconf 74' lang='grc' dir='ltr'>δια</span> <span class='ocrx_word' id='word_1_114' title='bbox 1724 1751 1819 1810; x_wconf 82' lang='grc' dir='ltr'>τὰς</span> <span class='ocrx_word' id='word_1_115' title='bbox 1857 1746 1967 1804; x_wconf 84' lang='grc' dir='ltr'>δια-</span> 
     </span>
    </p>
   </div>
   <div class='ocr_carea' id='block_1_19' title="bbox 293 1833 1962 1917">
    <p class='ocr_par' dir='ltr' id='par_1_19' title="bbox 293 1833 1962 1917">
     <span class='ocr_line' id='line_1_19' title="bbox 293 1833 1962 1917; baseline -0.005 -19"><span class='ocrx_word' id='word_1_116' title='bbox 293 1839 464 1905; x_wconf 75' lang='grc' dir='ltr'>ϐολὰς</span> <span class='ocrx_word' id='word_1_117' title='bbox 519 1848 626 1896; x_wconf 81' lang='grc' dir='ltr'>τῶν</span> <span class='ocrx_word' id='word_1_118' title='bbox 683 1843 1086 1917; x_wconf 74' lang='grc' dir='ltr'>Χριστομάχων</span> <span class='ocrx_word' id='word_1_119' title='bbox 1124 1861 1136 1910; x_wconf 75' lang='grc' dir='ltr'>ς</span> <span class='ocrx_word' id='word_1_120' title='bbox 1173 1841 1367 1902; x_wconf 85' lang='grc' dir='ltr'>πόσοις</span> <span class='ocrx_word' id='word_1_121' title='bbox 1418 1841 1685 1910; x_wconf 76' lang='grc' dir='ltr'>ἀσκηταῖς</span> <span class='ocrx_word' id='word_1_122' title='bbox 1736 1833 1962 1892; x_wconf 69' lang='grc' dir='ltr'>ἐπεϐού-</span> 
     </span>
    </p>
   </div>
   <div class='ocr_carea' id='block_1_20' title="bbox 2071 646 3726 720">
    <p class='ocr_par' dir='ltr' id='par_1_20' title="bbox 2071 646 3726 720">
     <span class='ocr_line' id='line_1_20' title="bbox 2071 646 3726 720; baseline 0.002 -19"><span class='ocrx_word' id='word_1_123' title='bbox 2071 646 2285 701; x_wconf 81' lang='lat' dir='ltr'>etenim</span> <span class='ocrx_word' id='word_1_124' title='bbox 2324 648 2436 703; x_wconf 91' lang='lat' dir='ltr'>imo</span> <span class='ocrx_word' id='word_1_125' title='bbox 2469 665 2673 705; x_wconf 89' lang='lat' dir='ltr'>omnes</span> <span class='ocrx_word' id='word_1_126' title='bbox 2690 650 2844 720; x_wconf 91' lang='lat' dir='ltr'>apud</span> <span class='ocrx_word' id='word_1_127' title='bbox 2859 649 3264 706; x_wconf 88' lang='lat' dir='ltr'>Constantium</span> <span class='ocrx_word' id='word_1_128' title='bbox 3291 647 3545 705; x_wconf 83' lang='lat' dir='ltr'>eunuchi</span> <span class='ocrx_word' id='word_1_129' title='bbox 3566 651 3726 717; x_wconf 90' lang='lat' dir='ltr'>sunt,</span> 
     </span>
    </p>
   </div>
   <div class='ocr_carea' id='block_1_21' title="bbox 2073 735 3732 810">
    <p class='ocr_par' dir='ltr' id='par_1_21' title="bbox 2073 735 3732 810">
     <span class='ocr_line' id='line_1_21' title="bbox 2073 735 3732 810; baseline 0.001 -21"><span class='ocrx_word' id='word_1_130' title='bbox 2073 752 2249 806; x_wconf 86' lang='lat' dir='ltr'>penes</span> <span class='ocrx_word' id='word_1_131' title='bbox 2285 755 2429 808; x_wconf 91' lang='lat' dir='ltr'>quos</span> <span class='ocrx_word' id='word_1_132' title='bbox 2461 738 2655 793; x_wconf 89' lang='lat' dir='ltr'>omnis</span> <span class='ocrx_word' id='word_1_133' title='bbox 2678 743 2766 793; x_wconf 86' lang='lat' dir='ltr'>est</span> <span class='ocrx_word' id='word_1_134' title='bbox 2798 739 2877 793; x_wconf 87' lang='lat' dir='ltr'>ibi</span> <span class='ocrx_word' id='word_1_135' title='bbox 2902 736 3452 810; x_wconf 88' lang='lat' dir='ltr'>potestas,nihilque</span> <span class='ocrx_word' id='word_1_136' title='bbox 3495 735 3608 791; x_wconf 86' lang='lat' dir='ltr'>nisi</span> <span class='ocrx_word' id='word_1_137' title='bbox 3659 736 3732 792; x_wconf 94' lang='lat' dir='ltr'>de</span> 
     </span>
    </p>
   </div>
   <div class='ocr_carea' id='block_1_22' title="bbox 2072 824 3731 900">
    <p class='ocr_par' dir='ltr' id='par_1_22' title="bbox 2072 824 3731 900">
     <span class='ocr_line' id='line_1_22' title="bbox 2072 824 3731 900; baseline 0.001 -22"><span class='ocrx_word' id='word_1_138' title='bbox 2072 824 2306 878; x_wconf 83' lang='lat' dir='ltr'>illorum</span> <span class='ocrx_word' id='word_1_139' title='bbox 2342 827 2629 882; x_wconf 82' lang='lat' dir='ltr'>sententia</span> <span class='ocrx_word' id='word_1_140' title='bbox 2655 827 2896 897; x_wconf 82' lang='lat' dir='ltr'>geritur.</span> <span class='ocrx_word' id='word_1_141' title='bbox 2946 828 3196 883; x_wconf 81' lang='lat' dir='ltr'>Litteras</span> <span class='ocrx_word' id='word_1_142' title='bbox 3245 827 3426 900; x_wconf 86' lang='lat' dir='ltr'>igitur</span> <span class='ocrx_word' id='word_1_143' title='bbox 3483 825 3731 881; x_wconf 82' lang='lat' dir='ltr'>Romam</span> 
     </span>
    </p>
   </div>
   <div class='ocr_carea' id='block_1_23' title="bbox 2073 913 3738 990">
    <p class='ocr_par' dir='ltr' id='par_1_23' title="bbox 2073 913 3738 990">
     <span class='ocr_line' id='line_1_23' title="bbox 2073 913 3738 990; baseline 0.001 -23"><span class='ocrx_word' id='word_1_144' title='bbox 2073 914 2254 969; x_wconf 86' lang='lat' dir='ltr'>mittit</span> <span class='ocrx_word' id='word_1_145' title='bbox 2314 915 2670 986; x_wconf 84' lang='lat' dir='ltr'>imperator:</span> <span class='ocrx_word' id='word_1_146' title='bbox 2726 917 3056 989; x_wconf 86' lang='lat' dir='ltr'>iterumque</span> <span class='ocrx_word' id='word_1_147' title='bbox 3085 916 3349 990; x_wconf 88' lang='lat' dir='ltr'>palati-ni,</span> <span class='ocrx_word' id='word_1_148' title='bbox 3410 913 3625 971; x_wconf 90' lang='lat' dir='ltr'>notarii</span> <span class='ocrx_word' id='word_1_149' title='bbox 3680 916 3738 969; x_wconf 90' lang='lat' dir='ltr'>et</span> 
     </span>
    </p>
   </div>
   <div class='ocr_carea' id='block_1_24' title="bbox 2070 1004 3733 1077">
    <p class='ocr_par' dir='ltr' id='par_1_24' title="bbox 2070 1004 3733 1077">
     <span class='ocr_line' id='line_1_24' title="bbox 2070 1004 3733 1077; baseline -0.002 -17"><span class='ocrx_word' id='word_1_150' title='bbox 2070 1004 2335 1074; x_wconf 84' lang='lat' dir='ltr'>comites,</span> <span class='ocrx_word' id='word_1_151' title='bbox 2369 1004 2696 1076; x_wconf 69' lang='lat' dir='ltr'>litteraeque</span> <span class='ocrx_word' id='word_1_152' title='bbox 2729 1007 2799 1061; x_wconf 88' lang='lat' dir='ltr'>ad</span> <span class='ocrx_word' id='word_1_153' title='bbox 2863 1009 3208 1077; x_wconf 82' lang='lat' dir='ltr'>praefectum</span> <span class='ocrx_word' id='word_1_154' title='bbox 3270 1005 3606 1075; x_wconf 84' lang='lat' dir='ltr'>mittuntur,</span> <span class='ocrx_word' id='word_1_155' title='bbox 3665 1005 3733 1058; x_wconf 88' lang='lat' dir='ltr'>ut</span> 
     </span>
    </p>
   </div>
   <div class='ocr_carea' id='block_1_25' title="bbox 2072 1091 3730 1151">
    <p class='ocr_par' dir='ltr' id='par_1_25' title="bbox 2072 1091 3730 1151">
     <span class='ocr_line' id='line_1_25' title="bbox 2072 1091 3730 1151; baseline 0 -3"><span class='ocrx_word' id='word_1_156' title='bbox 2072 1098 2175 1149; x_wconf 89' lang='lat' dir='ltr'>aut</span> <span class='ocrx_word' id='word_1_157' title='bbox 2205 1093 2497 1148; x_wconf 87' lang='lat' dir='ltr'>Liberium</span> <span class='ocrx_word' id='word_1_158' title='bbox 2529 1094 2660 1148; x_wconf 91' lang='lat' dir='ltr'>dolo</span> <span class='ocrx_word' id='word_1_159' title='bbox 2693 1099 2876 1150; x_wconf 86' lang='lat' dir='ltr'>Roma</span> <span class='ocrx_word' id='word_1_160' title='bbox 2904 1096 3260 1151; x_wconf 90' lang='lat' dir='ltr'>subductum</span> <span class='ocrx_word' id='word_1_161' title='bbox 3291 1095 3350 1148; x_wconf 92' lang='lat' dir='ltr'>in</span> <span class='ocrx_word' id='word_1_162' title='bbox 3407 1097 3601 1149; x_wconf 83' lang='lat' dir='ltr'>castra</span> <span class='ocrx_word' id='word_1_163' title='bbox 3656 1091 3730 1148; x_wconf 85' lang='lat' dir='ltr'>ad</span> 
     </span>
    </p>
   </div>
   <div class='ocr_carea' id='block_1_26' title="bbox 2074 1184 3727 1256">
    <p class='ocr_par' dir='ltr' id='par_1_26' title="bbox 2074 1184 3727 1256">
     <span class='ocr_line' id='line_1_26' title="bbox 2074 1184 3727 1256; baseline -0.001 -17"><span class='ocrx_word' id='word_1_164' title='bbox 2074 1201 2134 1239; x_wconf 90' lang='lat' dir='ltr'>se</span> <span class='ocrx_word' id='word_1_165' title='bbox 2166 1184 2656 1250; x_wconf 88' lang='lat' dir='ltr'>transmitterent,</span> <span class='ocrx_word' id='word_1_166' title='bbox 2693 1189 2794 1240; x_wconf 90' lang='lat' dir='ltr'>aut</span> <span class='ocrx_word' id='word_1_167' title='bbox 2821 1185 2875 1239; x_wconf 90' lang='lat' dir='ltr'>vi</span> <span class='ocrx_word' id='word_1_168' title='bbox 2901 1185 3197 1242; x_wconf 88' lang='lat' dir='ltr'>hominem</span> <span class='ocrx_word' id='word_1_169' title='bbox 3218 1187 3727 1256; x_wconf 87' lang='lat' dir='ltr'>persequerentur.</span> 
     </span>
    </p>
   </div>
   <div class='ocr_carea' id='block_1_27' title="bbox 2143 1306 3730 1382">
    <p class='ocr_par' dir='ltr' id='par_1_27' title="bbox 2143 1306 3730 1382">
     <span class='ocr_line' id='line_1_27' title="bbox 2143 1306 3730 1382; baseline -0.001 -19"><span class='ocrx_word' id='word_1_170' title='bbox 2143 1310 2231 1363; x_wconf 71' lang='lat'>38.</span> <span class='ocrx_word' id='word_1_171' title='bbox 2269 1311 2455 1379; x_wconf 69' lang='grc' dir='ltr'>(ΛΝΝΟ</span> <span class='ocrx_word' id='word_1_172' title='bbox 2487 1310 2636 1380; x_wconf 77' lang='grc'>355.)</span> <span class='ocrx_word' id='word_1_173' title='bbox 2671 1309 2771 1364; x_wconf 90' lang='lat' dir='ltr'>His</span> <span class='ocrx_word' id='word_1_174' title='bbox 2825 1310 3020 1382; x_wconf 85' lang='lat' dir='ltr'>itaque</span> <span class='ocrx_word' id='word_1_175' title='bbox 3066 1314 3122 1365; x_wconf 92' lang='lat' dir='ltr'>et</span> <span class='ocrx_word' id='word_1_176' title='bbox 3182 1309 3475 1380; x_wconf 86' lang='lat' dir='ltr'>ejusmodi</span> <span class='ocrx_word' id='word_1_177' title='bbox 3525 1306 3730 1363; x_wconf 85' lang='lat' dir='ltr'>missis</span> 
     </span>
    </p>
   </div>
   <div class='ocr_carea' id='block_1_28' title="bbox 2072 1398 3728 1471">
    <p class='ocr_par' dir='ltr' id='par_1_28' title="bbox 2072 1398 3728 1471">
     <span class='ocr_line' id='line_1_28' title="bbox 2072 1398 3728 1471; baseline -0.002 -17"><span class='ocrx_word' id='word_1_178' title='bbox 2072 1398 2305 1464; x_wconf 89' lang='lat' dir='ltr'>litteris,</span> <span class='ocrx_word' id='word_1_179' title='bbox 2349 1403 2543 1452; x_wconf 88' lang='lat' dir='ltr'>metus</span> <span class='ocrx_word' id='word_1_180' title='bbox 2575 1403 2807 1453; x_wconf 84' lang='lat' dir='ltr'>exortus</span> <span class='ocrx_word' id='word_1_181' title='bbox 2837 1405 2944 1466; x_wconf 89' lang='lat' dir='ltr'>est,</span> <span class='ocrx_word' id='word_1_182' title='bbox 2997 1399 3340 1471; x_wconf 84' lang='lat' dir='ltr'>insidiaeque</span> <span class='ocrx_word' id='word_1_183' title='bbox 3397 1414 3499 1469; x_wconf 91' lang='lat' dir='ltr'>per</span> <span class='ocrx_word' id='word_1_184' title='bbox 3544 1401 3728 1452; x_wconf 89' lang='lat' dir='ltr'>totam</span> 
     </span>
    </p>
   </div>
   <div class='ocr_carea' id='block_1_29' title="bbox 2075 1486 3728 1558">
    <p class='ocr_par' dir='ltr' id='par_1_29' title="bbox 2075 1486 3728 1558">
     <span class='ocr_line' id='line_1_29' title="bbox 2075 1486 3728 1558; baseline -0.001 -16"><span class='ocrx_word' id='word_1_185' title='bbox 2075 1488 2277 1542; x_wconf 90' lang='lat' dir='ltr'>urbem</span> <span class='ocrx_word' id='word_1_186' title='bbox 2307 1492 2538 1558; x_wconf 65' lang='lat' dir='ltr'>paratae.</span> <span class='ocrx_word' id='word_1_187' title='bbox 2570 1488 2721 1550; x_wconf 89' lang='lat' dir='ltr'>Quot</span> <span class='ocrx_word' id='word_1_188' title='bbox 2749 1486 2928 1558; x_wconf 81' lang='lat' dir='ltr'>igitur</span> <span class='ocrx_word' id='word_1_189' title='bbox 2957 1489 3231 1543; x_wconf 90' lang='lat' dir='ltr'>domibus</span> <span class='ocrx_word' id='word_1_190' title='bbox 3255 1487 3512 1544; x_wconf 85' lang='lat' dir='ltr'>insidiati</span> <span class='ocrx_word' id='word_1_191' title='bbox 3546 1487 3728 1542; x_wconf 81' lang='lat' dir='ltr'>sunt?</span> 
     </span>
    </p>
   </div>
   <div class='ocr_carea' id='block_1_30' title="bbox 2076 1575 3729 1648">
    <p class='ocr_par' dir='ltr' id='par_1_30' title="bbox 2076 1575 3729 1648">
     <span class='ocr_line' id='line_1_30' title="bbox 2076 1575 3729 1648; baseline -0.001 -17"><span class='ocrx_word' id='word_1_192' title='bbox 2076 1581 2219 1648; x_wconf 92' lang='lat' dir='ltr'>quot</span> <span class='ocrx_word' id='word_1_193' title='bbox 2240 1575 2379 1630; x_wconf 88' lang='lat' dir='ltr'>viris</span> <span class='ocrx_word' id='word_1_194' title='bbox 2402 1580 2633 1646; x_wconf 81' lang='lat' dir='ltr'>quantae</span> <span class='ocrx_word' id='word_1_195' title='bbox 2667 1576 3116 1647; x_wconf 88' lang='lat' dir='ltr'>pollicitationes</span> <span class='ocrx_word' id='word_1_196' title='bbox 3150 1577 3401 1643; x_wconf 65' lang='lat' dir='ltr'>fact-ae,ut</span> <span class='ocrx_word' id='word_1_197' title='bbox 3447 1576 3729 1632; x_wconf 84' lang='lat' dir='ltr'>adversus</span> 
     </span>
    </p>
   </div>
   <div class='ocr_carea' id='block_1_31' title="bbox 2079 1664 3729 1737">
    <p class='ocr_par' dir='ltr' id='par_1_31' title="bbox 2079 1664 3729 1737">
     <span class='ocr_line' id='line_1_31' title="bbox 2079 1664 3729 1737; baseline -0.001 -17"><span class='ocrx_word' id='word_1_198' title='bbox 2079 1665 2372 1720; x_wconf 88' lang='lat' dir='ltr'>Liberium</span> <span class='ocrx_word' id='word_1_199' title='bbox 2405 1682 2525 1720; x_wconf 90' lang='lat' dir='ltr'>rem</span> <span class='ocrx_word' id='word_1_200' title='bbox 2559 1667 2876 1736; x_wconf 82' lang='lat' dir='ltr'>gererent?</span> <span class='ocrx_word' id='word_1_201' title='bbox 2909 1670 3049 1735; x_wconf 89' lang='lat' dir='ltr'>quot</span> <span class='ocrx_word' id='word_1_202' title='bbox 3077 1665 3337 1737; x_wconf 90' lang='lat' dir='ltr'>episcopi</span> <span class='ocrx_word' id='word_1_203' title='bbox 3369 1664 3462 1720; x_wconf 91' lang='lat' dir='ltr'>his</span> <span class='ocrx_word' id='word_1_204' title='bbox 3494 1679 3729 1736; x_wconf 89' lang='lat' dir='ltr'>perspe-</span> 
     </span>
    </p>
   </div>
   <div class='ocr_carea' id='block_1_32' title="bbox 2076 1751 3730 1826">
    <p class='ocr_par' dir='ltr' id='par_1_32' title="bbox 2076 1751 3730 1826">
     <span class='ocr_line' id='line_1_32' title="bbox 2076 1751 3730 1826; baseline -0.001 -17"><span class='ocrx_word' id='word_1_205' title='bbox 2076 1755 2182 1810; x_wconf 92' lang='lat' dir='ltr'>ctis</span> <span class='ocrx_word' id='word_1_206' title='bbox 2215 1755 2389 1810; x_wconf 91' lang='lat' dir='ltr'>rebus</span> <span class='ocrx_word' id='word_1_207' title='bbox 2409 1772 2535 1809; x_wconf 89' lang='lat' dir='ltr'>sese</span> <span class='ocrx_word' id='word_1_208' title='bbox 2559 1755 2854 1810; x_wconf 89' lang='lat' dir='ltr'>abdebant</span> <span class='ocrx_word' id='word_1_209' title='bbox 2884 1755 2911 1809; x_wconf 84' lang='lat'><strong><em>?</em></strong></span> <span class='ocrx_word' id='word_1_210' title='bbox 2931 1759 3072 1826; x_wconf 89' lang='lat' dir='ltr'>quot</span> <span class='ocrx_word' id='word_1_211' title='bbox 3100 1755 3294 1810; x_wconf 73' lang='lat' dir='ltr'>liberae</span> <span class='ocrx_word' id='word_1_212' title='bbox 3353 1753 3628 1810; x_wconf 86' lang='lat' dir='ltr'>mulieres</span> <span class='ocrx_word' id='word_1_213' title='bbox 3657 1751 3730 1808; x_wconf 90' lang='lat' dir='ltr'>ob</span> 
     </span>
    </p>
   </div>
   <div class='ocr_carea' id='block_1_33' title="bbox 2077 1844 3735 1916">
    <p class='ocr_par' dir='ltr' id='par_1_33' title="bbox 2077 1844 3735 1916">
     <span class='ocr_line' id='line_1_33' title="bbox 2077 1844 3735 1916; baseline 0.001 -18"><span class='ocrx_word' id='word_1_214' title='bbox 2077 1848 2329 1899; x_wconf 89' lang='lat' dir='ltr'>structas</span> <span class='ocrx_word' id='word_1_215' title='bbox 2359 1844 2637 1899; x_wconf 87' lang='lat' dir='ltr'>aChristi</span> <span class='ocrx_word' id='word_1_216' title='bbox 2685 1844 2940 1900; x_wconf 90' lang='lat' dir='ltr'>inimicis</span> <span class='ocrx_word' id='word_1_217' title='bbox 2999 1844 3347 1914; x_wconf 88' lang='lat' dir='ltr'>calumnias,</span> <span class='ocrx_word' id='word_1_218' title='bbox 3403 1860 3506 1916; x_wconf 89' lang='lat' dir='ltr'>per</span> <span class='ocrx_word' id='word_1_219' title='bbox 3553 1858 3735 1915; x_wconf 85' lang='lat' dir='ltr'>pagos</span> 
     </span>
    </p>
   </div>
   <div class='ocr_carea' id='block_1_34' title="bbox 294 1926 1967 2006">
    <p class='ocr_par' dir='ltr' id='par_1_34' title="bbox 294 1926 1957 2006">
     <span class='ocr_line' id='line_1_34' title="bbox 294 1926 1957 2006; baseline -0.004 -19"><span class='ocrx_word' id='word_1_220' title='bbox 294 1933 484 1987; x_wconf 84' lang='grc' dir='ltr'>λευσαν</span> <span class='ocrx_word' id='word_1_221' title='bbox 522 1959 536 2000; x_wconf 87' lang='grc'><strong>;</strong></span> <span class='ocrx_word' id='word_1_222' title='bbox 569 1932 769 1993; x_wconf 82' lang='grc' dir='ltr'>πόσους</span> <span class='ocrx_word' id='word_1_223' title='bbox 823 1931 932 1985; x_wconf 84' lang='grc' dir='ltr'>ἐκεῖ</span> <span class='ocrx_word' id='word_1_224' title='bbox 988 1926 1364 2006; x_wconf 74' lang='grc' dir='ltr'>διατρίϐοντας</span> <span class='ocrx_word' id='word_1_225' title='bbox 1411 1930 1499 1984; x_wconf 74' lang='grc' dir='ltr'>καὶ</span> <span class='ocrx_word' id='word_1_226' title='bbox 1536 1929 1726 1984; x_wconf 61' lang='grc' dir='ltr'>λοιπὸν</span> <span class='ocrx_word' id='word_1_227' title='bbox 1770 1929 1832 1982; x_wconf 83' lang='grc' dir='ltr'>τὸ</span> <span class='ocrx_word' id='word_1_228' title='bbox 1868 1927 1957 2005; x_wconf 67' lang='grc' dir='ltr'>ἐφ-</span> 
     </span>
    </p>
   </div>
   <div class='ocr_carea' id='block_1_35' title="bbox 2084 1926 3736 2006">
    <p class='ocr_par' dir='ltr' id='par_1_35' title="bbox 2084 1930 3736 2005">
     <span class='ocr_line' id='line_1_35' title="bbox 2084 1930 3736 2005; baseline -0.001 -16"><span class='ocrx_word' id='word_1_229' title='bbox 2084 1937 2440 1989; x_wconf 73' lang='lat' dir='ltr'>iecesserunt</span> <span class='ocrx_word' id='word_1_230' title='bbox 2469 1934 2495 1986; x_wconf 85' lang='lat'><strong><em>?</em></strong></span> <span class='ocrx_word' id='word_1_231' title='bbox 2524 1937 2664 2004; x_wconf 92' lang='lat' dir='ltr'>quot</span> <span class='ocrx_word' id='word_1_232' title='bbox 2694 1934 2905 1989; x_wconf 90' lang='lat' dir='ltr'>ascetis</span> <span class='ocrx_word' id='word_1_233' title='bbox 2931 1933 3191 1989; x_wconf 87' lang='lat' dir='ltr'>insidiati</span> <span class='ocrx_word' id='word_1_234' title='bbox 3224 1933 3414 1990; x_wconf 86' lang='lat' dir='ltr'>sunt?</span> <span class='ocrx_word' id='word_1_235' title='bbox 3440 1937 3582 2005; x_wconf 88' lang='lat' dir='ltr'>quot</span> <span class='ocrx_word' id='word_1_236' title='bbox 3613 1930 3736 1988; x_wconf 84' lang='lat' dir='ltr'>illic</span> 
     </span>
    </p>
   </div>
   <div class='ocr_carea' id='block_1_36' title="bbox 297 2017 1956 2097">
    <p class='ocr_par' dir='ltr' id='par_1_36' title="bbox 297 2017 1956 2097">
     <span class='ocr_line' id='line_1_36' title="bbox 297 2017 1956 2097; baseline -0.004 -20"><span class='ocrx_word' id='word_1_237' title='bbox 297 2023 471 2078; x_wconf 85' lang='grc' dir='ltr'>ἐστιον</span> <span class='ocrx_word' id='word_1_238' title='bbox 508 2019 733 2097; x_wconf 76' lang='grc' dir='ltr'>ἔχοντας</span> <span class='ocrx_word' id='word_1_239' title='bbox 787 2018 896 2074; x_wconf 82' lang='grc' dir='ltr'>ἐκεῖ</span> <span class='ocrx_word' id='word_1_240' title='bbox 950 2017 1256 2095; x_wconf 70' lang='grc' dir='ltr'>διωχθῆναι</span> <span class='ocrx_word' id='word_1_241' title='bbox 1312 2021 1641 2088; x_wconf 72' lang='grc' dir='ltr'>πεποιήκασι</span> <span class='ocrx_word' id='word_1_242' title='bbox 1678 2037 1689 2084; x_wconf 93' lang='grc'>;</span> <span class='ocrx_word' id='word_1_243' title='bbox 1728 2019 1956 2078; x_wconf 79' lang='grc' dir='ltr'>ποσάκις</span> 
     </span>
    </p>
   </div>
   <div class='ocr_carea' id='block_1_37' title="bbox 293 2103 1954 2186">
    <p class='ocr_par' dir='ltr' id='par_1_37' title="bbox 293 2103 1954 2186">
     <span class='ocr_line' id='line_1_37' title="bbox 293 2103 1954 2186; baseline -0.004 -22"><span class='ocrx_word' id='word_1_244' title='bbox 293 2109 396 2165; x_wconf 86' lang='grc' dir='ltr'>καὶ</span> <span class='ocrx_word' id='word_1_245' title='bbox 427 2109 582 2171; x_wconf 79' lang='grc' dir='ltr'>ὅπως</span> <span class='ocrx_word' id='word_1_246' title='bbox 615 2108 886 2186; x_wconf 49' lang='grc' dir='ltr'>ἐφύλαξαν</span> <span class='ocrx_word' id='word_1_247' title='bbox 931 2107 1086 2162; x_wconf 49' lang='lat' dir='ltr'>re»)...</span> <span class='ocrx_word' id='word_1_248' title='bbox 1130 2110 1262 2180; x_wconf 82' lang='grc' dir='ltr'>μὲνα</span> <span class='ocrx_word' id='word_1_249' title='bbox 1317 2109 1405 2162; x_wconf 77' lang='grc' dir='ltr'>καὶ</span> <span class='ocrx_word' id='word_1_250' title='bbox 1446 2109 1542 2169; x_wconf 78' lang='grc' dir='ltr'>τὰς</span> <span class='ocrx_word' id='word_1_251' title='bbox 1578 2103 1816 2168; x_wconf 75' lang='grc' dir='ltr'>εἰσόδους</span> <span class='ocrx_word' id='word_1_252' title='bbox 1848 2111 1954 2160; x_wconf 78' lang='grc' dir='ltr'>τῶν</span> 
     </span>
    </p>
   </div>
   <div class='ocr_carea' id='block_1_38' title="bbox 296 2195 1960 2273">
    <p class='ocr_par' dir='ltr' id='par_1_38' title="bbox 296 2195 1960 2273">
     <span class='ocr_line' id='line_1_38' title="bbox 296 2195 1960 2273; baseline -0.002 -19"><span class='ocrx_word' id='word_1_253' title='bbox 296 2198 511 2272; x_wconf 81' lang='grc' dir='ltr'>πυλῶν,</span> <span class='ocrx_word' id='word_1_254' title='bbox 560 2198 652 2253; x_wconf 68' lang='grc' dir='ltr'>ἵνα</span> <span class='ocrx_word' id='word_1_255' title='bbox 687 2201 760 2271; x_wconf 79' lang='grc' dir='ltr'>μή</span> <span class='ocrx_word' id='word_1_256' title='bbox 803 2219 886 2260; x_wconf 89' lang='grc' dir='ltr'>τις</span> <span class='ocrx_word' id='word_1_257' title='bbox 939 2195 1227 2273; x_wconf 81' lang='grc' dir='ltr'>ὀρθόδοξος</span> <span class='ocrx_word' id='word_1_258' title='bbox 1270 2195 1524 2252; x_wconf 78' lang='grc' dir='ltr'>εἰσελθὼν</span> <span class='ocrx_word' id='word_1_259' title='bbox 1575 2199 1960 2270; x_wconf 69' lang='grc' dir='ltr'>θεωρ·ιίσῃ“Λι-</span> 
     </span>
    </p>
   </div>
   <div class='ocr_carea' id='block_1_39' title="bbox 294 2285 1958 2364">
    <p class='ocr_par' dir='ltr' id='par_1_39' title="bbox 294 2285 1958 2364">
     <span class='ocr_line' id='line_1_39' title="bbox 294 2285 1958 2364; baseline -0.004 -20"><span class='ocrx_word' id='word_1_260' title='bbox 294 2285 475 2364; x_wconf 73' lang='grc' dir='ltr'>ϐεριον</span> <span class='ocrx_word' id='word_1_261' title='bbox 512 2308 526 2358; x_wconf 87' lang='lat'><strong>;</strong></span> <span class='ocrx_word' id='word_1_262' title='bbox 561 2294 730 2362; x_wconf 66' lang='grc' dir='ltr'>Ἔσχε</span> <span class='ocrx_word' id='word_1_263' title='bbox 777 2287 866 2342; x_wconf 82' lang='grc' dir='ltr'>καὶ</span> <span class='ocrx_word' id='word_1_264' title='bbox 909 2289 1091 2360; x_wconf 83' lang='grc' dir='ltr'>Ῥώμη</span> <span class='ocrx_word' id='word_1_265' title='bbox 1138 2294 1325 2362; x_wconf 77' lang='grc' dir='ltr'>πεῖραν</span> <span class='ocrx_word' id='word_1_266' title='bbox 1378 2292 1484 2340; x_wconf 77' lang='grc' dir='ltr'>τῶν</span> <span class='ocrx_word' id='word_1_267' title='bbox 1532 2288 1958 2362; x_wconf 78' lang='grc' dir='ltr'>Χριστομάχων,</span> 
     </span>
    </p>
   </div>
   <div class='ocr_carea' id='block_1_40' title="bbox 294 2375 1957 2454">
    <p class='ocr_par' dir='ltr' id='par_1_40' title="bbox 294 2375 1957 2454">
     <span class='ocr_line' id='line_1_40' title="bbox 294 2375 1957 2454; baseline -0.002 -21"><span class='ocrx_word' id='word_1_268' title='bbox 294 2380 385 2433; x_wconf 81' lang='grc' dir='ltr'>καὶ</span> <span class='ocrx_word' id='word_1_269' title='bbox 417 2377 558 2454; x_wconf 72' lang='grc' dir='ltr'>ἔγνω</span> <span class='ocrx_word' id='word_1_270' title='bbox 615 2375 806 2432; x_wconf 83' lang='grc' dir='ltr'>λοιπὸν</span> <span class='ocrx_word' id='word_1_271' title='bbox 843 2375 976 2452; x_wconf 76' lang='grc' dir='ltr'>ὅπερ</span> <span class='ocrx_word' id='word_1_272' title='bbox 1024 2377 1122 2431; x_wconf 82' lang='grc' dir='ltr'>οῦκ</span> <span class='ocrx_word' id='word_1_273' title='bbox 1177 2376 1446 2431; x_wconf 77' lang='grc' dir='ltr'>ἐπίστευεν</span> <span class='ocrx_word' id='word_1_274' title='bbox 1499 2375 1765 2430; x_wconf 86' lang='grc' dir='ltr'>ἀκούουσα</span> <span class='ocrx_word' id='word_1_275' title='bbox 1823 2376 1957 2451; x_wconf 86' lang='grc' dir='ltr'>πρό-</span> 
     </span>
    </p>
   </div>
   <div class='ocr_carea' id='block_1_41' title="bbox 300 2463 1958 2540">
    <p class='ocr_par' dir='ltr' id='par_1_41' title="bbox 300 2463 1958 2540">
     <span class='ocr_line' id='line_1_41' title="bbox 300 2463 1958 2540; baseline -0.003 -18"><span class='ocrx_word' id='word_1_276' title='bbox 300 2487 479 2540; x_wconf 84' lang='grc' dir='ltr'>τερον,</span> <span class='ocrx_word' id='word_1_277' title='bbox 512 2471 630 2528; x_wconf 81' lang='grc' dir='ltr'>πῶς</span> <span class='ocrx_word' id='word_1_278' title='bbox 661 2467 751 2520; x_wconf 81' lang='grc' dir='ltr'>καὶ</span> <span class='ocrx_word' id='word_1_279' title='bbox 787 2468 838 2519; x_wconf 72' lang='grc' dir='ltr'>αἱ</span> <span class='ocrx_word' id='word_1_280' title='bbox 872 2463 1046 2540; x_wconf 77' lang='grc' dir='ltr'>ἕτεραι</span> <span class='ocrx_word' id='word_1_281' title='bbox 1078 2463 1396 2534; x_wconf 84' lang='grc' dir='ltr'>Ἐκκλησίαι</span> <span class='ocrx_word' id='word_1_282' title='bbox 1425 2467 1561 2519; x_wconf 79' lang='grc' dir='ltr'>κατά</span> <span class='ocrx_word' id='word_1_283' title='bbox 1599 2463 1760 2518; x_wconf 88' lang='grc' dir='ltr'>πόλιν</span> <span class='ocrx_word' id='word_1_284' title='bbox 1797 2463 1958 2538; x_wconf 84' lang='grc' dir='ltr'>ἐπορ-</span> 
     </span>
    </p>
   </div>
   <div class='ocr_carea' id='block_1_42' title="bbox 295 2551 1962 2628">
    <p class='ocr_par' dir='ltr' id='par_1_42' title="bbox 295 2551 1962 2628">
     <span class='ocr_line' id='line_1_42' title="bbox 295 2551 1962 2628; baseline -0.001 -20"><span class='ocrx_word' id='word_1_285' title='bbox 295 2557 537 2626; x_wconf 70' lang='grc' dir='ltr'>θήθησαν</span> <span class='ocrx_word' id='word_1_286' title='bbox 589 2556 715 2628; x_wconf 88' lang='grc' dir='ltr'>παρ’</span> <span class='ocrx_word' id='word_1_287' title='bbox 761 2553 960 2608; x_wconf 73' lang='grc' dir='ltr'>αὐτῶν.</span> <span class='ocrx_word' id='word_1_288' title='bbox 1014 2553 1285 2628; x_wconf 72' lang='grc' dir='ltr'>Εύνοῦχοι</span> <span class='ocrx_word' id='word_1_289' title='bbox 1319 2551 1376 2607; x_wconf 70' lang='grc' dir='ltr'>δὲ</span> <span class='ocrx_word' id='word_1_290' title='bbox 1424 2555 1557 2622; x_wconf 78' lang='grc' dir='ltr'>ἦσαν</span> <span class='ocrx_word' id='word_1_291' title='bbox 1593 2555 1644 2606; x_wconf 71' lang='grc' dir='ltr'>οἱ</span> <span class='ocrx_word' id='word_1_292' title='bbox 1675 2554 1763 2607; x_wconf 77' lang='grc' dir='ltr'>καὶ</span> <span class='ocrx_word' id='word_1_293' title='bbox 1796 2558 1962 2607; x_wconf 88' lang='grc' dir='ltr'>ταῦτα</span> 
     </span>
    </p>
   </div>
   <div class='ocr_carea' id='block_1_43' title="bbox 295 2640 1958 2717">
    <p class='ocr_par' dir='ltr' id='par_1_43' title="bbox 295 2640 1958 2717">
     <span class='ocr_line' id='line_1_43' title="bbox 295 2640 1958 2717; baseline -0.001 -19"><span class='ocrx_word' id='word_1_294' title='bbox 295 2645 384 2698; x_wconf 86' lang='grc' dir='ltr'>καὶ</span> <span class='ocrx_word' id='word_1_295' title='bbox 435 2647 502 2698; x_wconf 89' lang='grc' dir='ltr'>τά</span> <span class='ocrx_word' id='word_1_296' title='bbox 563 2646 698 2698; x_wconf 75' lang='grc' dir='ltr'>κατὰ</span> <span class='ocrx_word' id='word_1_297' title='bbox 756 2645 969 2697; x_wconf 74' lang='grc' dir='ltr'>πάντων</span> <span class='ocrx_word' id='word_1_298' title='bbox 1020 2648 1314 2704; x_wconf 87' lang='grc' dir='ltr'>κινοῦντες.</span> <span class='ocrx_word' id='word_1_299' title='bbox 1380 2644 1477 2697; x_wconf 79' lang='grc' dir='ltr'>Καὶ</span> <span class='ocrx_word' id='word_1_300' title='bbox 1537 2644 1598 2696; x_wconf 83' lang='grc' dir='ltr'>τὸ</span> <span class='ocrx_word' id='word_1_301' title='bbox 1658 2640 1958 2717; x_wconf 70' lang='grc' dir='ltr'>παράδοξον</span> 
     </span>
    </p>
   </div>
   <div class='ocr_carea' id='block_1_44' title="bbox 299 2727 1963 2806">
    <p class='ocr_par' dir='ltr' id='par_1_44' title="bbox 299 2727 1963 2806">
     <span class='ocr_line' id='line_1_44' title="bbox 299 2727 1963 2806; baseline -0.002 -20"><span class='ocrx_word' id='word_1_302' title='bbox 299 2737 403 2800; x_wconf 83' lang='grc' dir='ltr'>τῆς</span> <span class='ocrx_word' id='word_1_303' title='bbox 454 2727 757 2800; x_wconf 78' lang='grc' dir='ltr'>ἐπιϐουλῆς</span> <span class='ocrx_word' id='word_1_304' title='bbox 803 2731 964 2785; x_wconf 85' lang='grc' dir='ltr'>τοῦτό</span> <span class='ocrx_word' id='word_1_305' title='bbox 1016 2730 1180 2803; x_wconf 79' lang='grc' dir='ltr'>ἐστιν,</span> <span class='ocrx_word' id='word_1_306' title='bbox 1236 2730 1319 2784; x_wconf 76' lang='grc' dir='ltr'>ὅτι</span> <span class='ocrx_word' id='word_1_307' title='bbox 1369 2733 1403 2799; x_wconf 78' lang='grc' dir='ltr'>ἡ</span> <span class='ocrx_word' id='word_1_308' title='bbox 1458 2732 1706 2804; x_wconf 75' lang='grc' dir='ltr'>’Δρειανή</span> <span class='ocrx_word' id='word_1_309' title='bbox 1760 2729 1963 2806; x_wconf 76' lang='grc' dir='ltr'>α’ίρεσις</span> 
     </span>
    </p>
   </div>
   <div class='ocr_carea' id='block_1_45' title="bbox 298 2818 1963 2894">
    <p class='ocr_par' dir='ltr' id='par_1_45' title="bbox 298 2818 1963 2894">
     <span class='ocr_line' id='line_1_45' title="bbox 298 2818 1963 2894; baseline -0.001 -19"><span class='ocrx_word' id='word_1_310' title='bbox 298 2821 614 2894; x_wconf 73' lang='grc' dir='ltr'>ἀρνουμένη</span> <span class='ocrx_word' id='word_1_311' title='bbox 646 2820 736 2874; x_wconf 84' lang='grc' dir='ltr'>τὸν</span> <span class='ocrx_word' id='word_1_312' title='bbox 771 2821 894 2874; x_wconf 73' lang='grc' dir='ltr'>Υἱὸν</span> <span class='ocrx_word' id='word_1_313' title='bbox 920 2825 1016 2874; x_wconf 81' lang='grc' dir='ltr'>τοῦ</span> <span class='ocrx_word' id='word_1_314' title='bbox 1057 2826 1214 2888; x_wconf 90' lang='grc' dir='ltr'>Θεοῦ,</span> <span class='ocrx_word' id='word_1_315' title='bbox 1267 2820 1317 2889; x_wconf 78' lang='grc' dir='ltr'>ἐξ</span> <span class='ocrx_word' id='word_1_316' title='bbox 1371 2819 1644 2894; x_wconf 68' lang='grc' dir='ltr'>εὐνούχων</span> <span class='ocrx_word' id='word_1_317' title='bbox 1700 2818 1816 2894; x_wconf 73' lang='grc' dir='ltr'>ἔχει</span> <span class='ocrx_word' id='word_1_318' title='bbox 1866 2822 1963 2888; x_wconf 75' lang='grc' dir='ltr'>τήν</span> 
     </span>
    </p>
   </div>
   <div class='ocr_carea' id='block_1_46' title="bbox 300 2908 1964 2987">
    <p class='ocr_par' dir='ltr' id='par_1_46' title="bbox 300 2908 1964 2987">
     <span class='ocr_line' id='line_1_46' title="bbox 300 2908 1964 2987; baseline 0.013 -2"><span class='ocrx_word' id='word_1_319' title='bbox 300 2910 584 2985; x_wconf 63' lang='grc' dir='ltr'>βοήθειαν,</span> <span class='ocrx_word' id='word_1_320' title='bbox 619 2908 839 2976; x_wconf 64' lang='grc' dir='ltr'>οἵτινες,</span> <span class='ocrx_word' id='word_1_321' title='bbox 873 2910 949 2971; x_wconf 77' lang='grc' dir='ltr'>ὡς</span> <span class='ocrx_word' id='word_1_322' title='bbox 979 2914 1048 2982; x_wconf 70' lang='grc' dir='ltr'>τῇ</span> <span class='ocrx_word' id='word_1_323' title='bbox 1102 2909 1276 2987; x_wconf 55' lang='grc' dir='ltr'>φύσει,</span> <span class='ocrx_word' id='word_1_324' title='bbox 1313 2909 1488 2970; x_wconf 54' lang='grc' dir='ltr'>οὕτως</span> <span class='ocrx_word' id='word_1_325' title='bbox 1529 2909 1618 2962; x_wconf 59' lang='grc' dir='ltr'>καὶ</span> <span class='ocrx_word' id='word_1_326' title='bbox 1647 2910 1745 2976; x_wconf 61' lang='grc' dir='ltr'>τὴν</span> <span class='ocrx_word' id='word_1_327' title='bbox 1780 2909 1964 2984; x_wconf 55' lang='grc' dir='ltr'>ψυχὴν</span> 
     </span>
    </p>
   </div>
   <div class='ocr_carea' id='block_1_47' title="bbox 305 2997 1964 3075">
    <p class='ocr_par' dir='ltr' id='par_1_47' title="bbox 305 2997 1964 3075">
     <span class='ocr_line' id='line_1_47' title="bbox 305 2997 1964 3075; baseline -0.001 -23"><span class='ocrx_word' id='word_1_328' title='bbox 305 2999 507 3072; x_wconf 76' lang='grc' dir='ltr'>ἀρετῆς</span> <span class='ocrx_word' id='word_1_329' title='bbox 583 2997 770 3073; x_wconf 72' lang='grc' dir='ltr'>ἄγονοι</span> <span class='ocrx_word' id='word_1_330' title='bbox 826 3001 1240 3073; x_wconf 71' lang='grc' dir='ltr'>τυγχάνοντες,</span> <span class='ocrx_word' id='word_1_331' title='bbox 1303 2997 1363 3052; x_wconf 84' lang='grc' dir='ltr'>ού</span> <span class='ocrx_word' id='word_1_332' title='bbox 1424 2999 1675 3075; x_wconf 70' lang='grc' dir='ltr'>φέρουσιν</span> <span class='ocrx_word' id='word_1_333' title='bbox 1755 2997 1964 3051; x_wconf 87' lang='grc' dir='ltr'>ἀκούειν</span> 
     </span>
    </p>
   </div>
   <div class='ocr_carea' id='block_1_48' title="bbox 299 3085 1970 3164">
    <p class='ocr_par' dir='ltr' id='par_1_48' title="bbox 299 3085 1970 3164">
     <span class='ocr_line' id='line_1_48' title="bbox 299 3085 1970 3164; baseline -0.001 -22"><span class='ocrx_word' id='word_1_334' title='bbox 299 3085 460 3150; x_wconf 72' lang='grc' dir='ltr'>ὅλως</span> <span class='ocrx_word' id='word_1_335' title='bbox 499 3088 623 3164; x_wconf 85' lang='grc' dir='ltr'>περὶ</span> <span class='ocrx_word' id='word_1_336' title='bbox 655 3089 803 3145; x_wconf 73' lang='grc' dir='ltr'>Υἱοῦ.</span> <span class='ocrx_word' id='word_1_337' title='bbox 838 3090 893 3140; x_wconf 73' lang='grc' dir='ltr'><strong>Ὀ</strong></span> <span class='ocrx_word' id='word_1_338' title='bbox 929 3088 1022 3160; x_wconf 77' lang='grc' dir='ltr'>μὲν</span> <span class='ocrx_word' id='word_1_339' title='bbox 1055 3086 1146 3142; x_wconf 81' lang='grc' dir='ltr'>οῦν</span> <span class='ocrx_word' id='word_1_340' title='bbox 1199 3086 1257 3141; x_wconf 88' lang='grc' dir='ltr'>ἐκ</span> <span class='ocrx_word' id='word_1_341' title='bbox 1303 3095 1405 3155; x_wconf 79' lang='grc' dir='ltr'>τῆς</span> <span class='ocrx_word' id='word_1_342' title='bbox 1452 3085 1738 3147; x_wconf 78' lang='grc' dir='ltr'>Αἰθιοπίας</span> <span class='ocrx_word' id='word_1_343' title='bbox 1793 3086 1970 3140; x_wconf 86' lang='grc' dir='ltr'>εύνοῦ-</span> 
     </span>
    </p>
   </div>
   <div class='ocr_carea' id='block_1_49' title="bbox 315 3175 1962 3253">
    <p class='ocr_par' dir='ltr' id='par_1_49' title="bbox 315 3175 1962 3253">
     <span class='ocr_line' id='line_1_49' title="bbox 315 3175 1962 3253; baseline -0.002 -22"><span class='ocrx_word' id='word_1_344' title='bbox 315 3197 439 3253; x_wconf 83' lang='grc' dir='ltr'>χος,</span> <span class='ocrx_word' id='word_1_345' title='bbox 477 3179 551 3250; x_wconf 83' lang='grc' dir='ltr'>μή</span> <span class='ocrx_word' id='word_1_346' title='bbox 585 3181 724 3231; x_wconf 80' lang='grc' dir='ltr'>νοῶν</span> <span class='ocrx_word' id='word_1_347' title='bbox 777 3177 809 3231; x_wconf 77' lang='grc' dir='ltr'>ἃ</span> <span class='ocrx_word' id='word_1_348' title='bbox 851 3177 1228 3251; x_wconf 77' lang='grc' dir='ltr'>ἀνεγίνωσκεν,</span> <span class='ocrx_word' id='word_1_349' title='bbox 1281 3175 1497 3245; x_wconf 87' lang='grc' dir='ltr'>ἐπείσθη</span> <span class='ocrx_word' id='word_1_350' title='bbox 1545 3180 1624 3246; x_wconf 80' lang='grc' dir='ltr'>τῷ</span> <span class='ocrx_word' id='word_1_351' title='bbox 1677 3175 1962 3247; x_wconf 75' lang='grc' dir='ltr'>Φιλίππῳ,</span> 
     </span>
    </p>
   </div>
   <div class='ocr_carea' id='block_1_50' title="bbox 2069 2021 3735 2094">
    <p class='ocr_par' dir='ltr' id='par_1_50' title="bbox 2069 2021 3735 2094">
     <span class='ocr_line' id='line_1_50' title="bbox 2069 2021 3735 2094; baseline 0.001 -18"><span class='ocrx_word' id='word_1_352' title='bbox 2069 2027 2502 2077; x_wconf 86' lang='lat' dir='ltr'>commorantes</span> <span class='ocrx_word' id='word_1_353' title='bbox 2525 2022 2814 2088; x_wconf 88' lang='lat' dir='ltr'>homines,</span> <span class='ocrx_word' id='word_1_354' title='bbox 2855 2023 2956 2094; x_wconf 92' lang='lat' dir='ltr'>qui</span> <span class='ocrx_word' id='word_1_355' title='bbox 2980 2026 3200 2079; x_wconf 90' lang='lat' dir='ltr'>statum</span> <span class='ocrx_word' id='word_1_356' title='bbox 3235 2023 3314 2079; x_wconf 91' lang='lat' dir='ltr'>ibi</span> <span class='ocrx_word' id='word_1_357' title='bbox 3365 2021 3735 2078; x_wconf 89' lang='lat' dir='ltr'>domicilium</span> 
     </span>
    </p>
   </div>
   <div class='ocr_carea' id='block_1_51' title="bbox 2070 2111 3734 2182">
    <p class='ocr_par' dir='ltr' id='par_1_51' title="bbox 2070 2111 3734 2182">
     <span class='ocr_line' id='line_1_51' title="bbox 2070 2111 3734 2182; baseline 0.001 -18"><span class='ocrx_word' id='word_1_358' title='bbox 2070 2112 2222 2166; x_wconf 87' lang='lat' dir='ltr'>nacti</span> <span class='ocrx_word' id='word_1_359' title='bbox 2257 2116 2442 2178; x_wconf 89' lang='lat' dir='ltr'>erant,</span> <span class='ocrx_word' id='word_1_360' title='bbox 2482 2111 2690 2182; x_wconf 85' lang='lat' dir='ltr'>expelli</span> <span class='ocrx_word' id='word_1_361' title='bbox 2721 2116 3005 2166; x_wconf 89' lang='lat' dir='ltr'>curarunt</span> <span class='ocrx_word' id='word_1_362' title='bbox 3036 2111 3062 2165; x_wconf 86' lang='lat'><strong><em>?</em></strong></span> <span class='ocrx_word' id='word_1_363' title='bbox 3094 2113 3322 2182; x_wconf 89' lang='lat' dir='ltr'>quoties</span> <span class='ocrx_word' id='word_1_364' title='bbox 3343 2115 3402 2166; x_wconf 90' lang='lat' dir='ltr'>et</span> <span class='ocrx_word' id='word_1_365' title='bbox 3440 2127 3556 2182; x_wconf 91' lang='lat' dir='ltr'>quo</span> <span class='ocrx_word' id='word_1_366' title='bbox 3610 2115 3734 2166; x_wconf 88' lang='lat' dir='ltr'>stu-</span> 
     </span>
    </p>
   </div>
   <div class='ocr_carea' id='block_1_52' title="bbox 2069 2200 3736 2272">
    <p class='ocr_par' dir='ltr' id='par_1_52' title="bbox 2069 2200 3736 2272">
     <span class='ocr_line' id='line_1_52' title="bbox 2069 2200 3736 2272; baseline 0.001 -18"><span class='ocrx_word' id='word_1_367' title='bbox 2069 2201 2165 2254; x_wconf 92' lang='lat' dir='ltr'>dio</span> <span class='ocrx_word' id='word_1_368' title='bbox 2189 2205 2426 2271; x_wconf 89' lang='lat' dir='ltr'>portum</span> <span class='ocrx_word' id='word_1_369' title='bbox 2459 2201 2768 2272; x_wconf 85' lang='lat' dir='ltr'>exitusque</span> <span class='ocrx_word' id='word_1_370' title='bbox 2797 2206 3101 2272; x_wconf 89' lang='lat' dir='ltr'>portarum</span> <span class='ocrx_word' id='word_1_371' title='bbox 3133 2200 3634 2267; x_wconf 87' lang='lat' dir='ltr'>custodierunt,ut</span> <span class='ocrx_word' id='word_1_372' title='bbox 3662 2216 3736 2257; x_wconf 88' lang='lat' dir='ltr'>ne</span> 
     </span>
    </p>
   </div>
   <div class='ocr_carea' id='block_1_53' title="bbox 2071 2290 3736 2361">
    <p class='ocr_par' dir='ltr' id='par_1_53' title="bbox 2071 2290 3736 2361">
     <span class='ocr_line' id='line_1_53' title="bbox 2071 2290 3736 2361; baseline 0 -17"><span class='ocrx_word' id='word_1_373' title='bbox 2071 2290 2203 2361; x_wconf 91' lang='lat' dir='ltr'>quis</span> <span class='ocrx_word' id='word_1_374' title='bbox 2237 2290 2541 2360; x_wconf 88' lang='lat' dir='ltr'>ingressus</span> <span class='ocrx_word' id='word_1_375' title='bbox 2572 2291 3051 2357; x_wconf 84' lang='lat' dir='ltr'>orthodoxorum,</span> <span class='ocrx_word' id='word_1_376' title='bbox 3079 2290 3380 2346; x_wconf 90' lang='lat' dir='ltr'>Liberium</span> <span class='ocrx_word' id='word_1_377' title='bbox 3406 2290 3681 2346; x_wconf 87' lang='lat' dir='ltr'>inviseret</span> <span class='ocrx_word' id='word_1_378' title='bbox 3713 2291 3736 2344; x_wconf 68' lang='grc' dir='ltr'><em>ἲ</em></span> 
     </span>
    </p>
   </div>
   <div class='ocr_carea' id='block_1_54' title="bbox 2069 2378 3733 2450">
    <p class='ocr_par' dir='ltr' id='par_1_54' title="bbox 2069 2378 3733 2450">
     <span class='ocr_line' id='line_1_54' title="bbox 2069 2378 3733 2450; baseline 0.001 -18"><span class='ocrx_word' id='word_1_379' title='bbox 2069 2380 2217 2433; x_wconf 91' lang='lat' dir='ltr'>Tum</span> <span class='ocrx_word' id='word_1_380' title='bbox 2241 2384 2424 2434; x_wconf 84' lang='lat' dir='ltr'>Roma</span> <span class='ocrx_word' id='word_1_381' title='bbox 2454 2395 2687 2450; x_wconf 90' lang='lat' dir='ltr'>quoque</span> <span class='ocrx_word' id='word_1_382' title='bbox 2716 2378 2927 2434; x_wconf 87' lang='lat' dir='ltr'>Christi</span> <span class='ocrx_word' id='word_1_383' title='bbox 2982 2379 3243 2435; x_wconf 88' lang='lat' dir='ltr'>hostium</span> <span class='ocrx_word' id='word_1_384' title='bbox 3302 2378 3733 2435; x_wconf 87' lang='lat' dir='ltr'>immanitatem</span> 
     </span>
    </p>
   </div>
   <div class='ocr_carea' id='block_1_55' title="bbox 2072 2466 3732 2540">
    <p class='ocr_par' dir='ltr' id='par_1_55' title="bbox 2072 2466 3732 2540">
     <span class='ocr_line' id='line_1_55' title="bbox 2072 2466 3732 2540; baseline 0 -18"><span class='ocrx_word' id='word_1_385' title='bbox 2072 2473 2310 2539; x_wconf 82' lang='lat' dir='ltr'>experta</span> <span class='ocrx_word' id='word_1_386' title='bbox 2339 2472 2448 2533; x_wconf 88' lang='lat' dir='ltr'>est,</span> <span class='ocrx_word' id='word_1_387' title='bbox 2491 2467 2764 2539; x_wconf 89' lang='lat' dir='ltr'>novitque</span> <span class='ocrx_word' id='word_1_388' title='bbox 2787 2470 3183 2540; x_wconf 67' lang='lat' dir='ltr'>demum,quae</span> <span class='ocrx_word' id='word_1_389' title='bbox 3219 2473 3353 2524; x_wconf 90' lang='lat' dir='ltr'>ante</span> <span class='ocrx_word' id='word_1_390' title='bbox 3376 2484 3492 2523; x_wconf 92' lang='lat' dir='ltr'>non</span> <span class='ocrx_word' id='word_1_391' title='bbox 3543 2466 3732 2524; x_wconf 90' lang='lat' dir='ltr'>credi-</span> 
     </span>
    </p>
   </div>
   <div class='ocr_carea' id='block_1_56' title="bbox 2074 2556 3734 2628">
    <p class='ocr_par' dir='ltr' id='par_1_56' title="bbox 2074 2556 3734 2628">
     <span class='ocr_line' id='line_1_56' title="bbox 2074 2556 3734 2628; baseline -0.001 -17"><span class='ocrx_word' id='word_1_392' title='bbox 2074 2557 2177 2621; x_wconf 89' lang='lat' dir='ltr'>dit,</span> <span class='ocrx_word' id='word_1_393' title='bbox 2207 2574 2340 2612; x_wconf 90' lang='lat' dir='ltr'>cum</span> <span class='ocrx_word' id='word_1_394' title='bbox 2376 2557 2625 2624; x_wconf 89' lang='lat' dir='ltr'>audiret,</span> <span class='ocrx_word' id='word_1_395' title='bbox 2660 2563 2947 2628; x_wconf 90' lang='lat' dir='ltr'>quantum</span> <span class='ocrx_word' id='word_1_396' title='bbox 2989 2558 3211 2612; x_wconf 70' lang='lat' dir='ltr'>caeteris</span> <span class='ocrx_word' id='word_1_397' title='bbox 3266 2556 3559 2623; x_wconf 86' lang='lat' dir='ltr'>Ecclesiis,</span> <span class='ocrx_word' id='word_1_398' title='bbox 3611 2556 3734 2611; x_wconf 87' lang='lat' dir='ltr'>sin-</span> 
     </span>
    </p>
   </div>
   <div class='ocr_carea' id='block_1_57' title="bbox 2075 2644 3807 2718">
    <p class='ocr_par' dir='ltr' id='par_1_57' title="bbox 2075 2644 3807 2718">
     <span class='ocr_line' id='line_1_57' title="bbox 2075 2644 3807 2718; baseline 0.001 -19"><span class='ocrx_word' id='word_1_399' title='bbox 2075 2646 2346 2718; x_wconf 85' lang='lat' dir='ltr'>gulisquc</span> <span class='ocrx_word' id='word_1_400' title='bbox 2380 2646 2626 2700; x_wconf 91' lang='lat' dir='ltr'>urbibus</span> <span class='ocrx_word' id='word_1_401' title='bbox 2659 2645 2990 2701; x_wconf 88' lang='lat' dir='ltr'>vastitatem</span> <span class='ocrx_word' id='word_1_402' title='bbox 3025 2645 3371 2702; x_wconf 86' lang='lat' dir='ltr'>intulissent</span> <span class='ocrx_word' id='word_1_403' title='bbox 3400 2644 3509 2700; x_wconf 90' lang='lat' dir='ltr'>illi.</span> <span class='ocrx_word' id='word_1_404' title='bbox 3539 2644 3738 2700; x_wconf 88' lang='lat' dir='ltr'>Eunu-</span> <span class='ocrx_word' id='word_1_405' title='bbox 3803 2679 3807 2684; x_wconf 65' lang='grc' dir='ltr'>ι</span> 
     </span>
    </p>
   </div>
   <div class='ocr_carea' id='block_1_58' title="bbox 2076 2732 3738 2806">
    <p class='ocr_par' dir='ltr' id='par_1_58' title="bbox 2076 2732 3738 2806">
     <span class='ocr_line' id='line_1_58' title="bbox 2076 2732 3738 2806; baseline -0.001 -16"><span class='ocrx_word' id='word_1_406' title='bbox 2076 2735 2168 2791; x_wconf 92' lang='lat' dir='ltr'>chi</span> <span class='ocrx_word' id='word_1_407' title='bbox 2211 2751 2380 2806; x_wconf 92' lang='lat' dir='ltr'>porro</span> <span class='ocrx_word' id='word_1_408' title='bbox 2411 2740 2578 2789; x_wconf 89' lang='lat' dir='ltr'>erant</span> <span class='ocrx_word' id='word_1_409' title='bbox 2609 2732 2708 2806; x_wconf 85' lang='lat' dir='ltr'>qui</span> <span class='ocrx_word' id='word_1_410' title='bbox 2740 2733 2859 2788; x_wconf 63' lang='lat' dir='ltr'>haec</span> <span class='ocrx_word' id='word_1_411' title='bbox 2889 2740 2947 2789; x_wconf 91' lang='lat' dir='ltr'>et</span> <span class='ocrx_word' id='word_1_412' title='bbox 2978 2734 3092 2789; x_wconf 90' lang='lat' dir='ltr'>alia</span> <span class='ocrx_word' id='word_1_413' title='bbox 3126 2734 3187 2788; x_wconf 90' lang='lat' dir='ltr'>in</span> <span class='ocrx_word' id='word_1_414' title='bbox 3225 2734 3532 2790; x_wconf 89' lang='lat' dir='ltr'>universos</span> <span class='ocrx_word' id='word_1_415' title='bbox 3573 2737 3738 2805; x_wconf 88' lang='lat' dir='ltr'>gesta</span> 
     </span>
    </p>
   </div>
   <div class='ocr_carea' id='block_1_59' title="bbox 2078 2820 3736 2893">
    <p class='ocr_par' dir='ltr' id='par_1_59' title="bbox 2078 2820 3736 2893">
     <span class='ocr_line' id='line_1_59' title="bbox 2078 2820 3736 2893; baseline -0.001 -15"><span class='ocrx_word' id='word_1_416' title='bbox 2078 2823 2487 2879; x_wconf 90' lang='lat' dir='ltr'>movebant.Et</span> <span class='ocrx_word' id='word_1_417' title='bbox 2518 2823 2669 2893; x_wconf 93' lang='lat' dir='ltr'>quod</span> <span class='ocrx_word' id='word_1_418' title='bbox 2705 2823 2763 2877; x_wconf 89' lang='lat' dir='ltr'>in</span> <span class='ocrx_word' id='word_1_419' title='bbox 2793 2821 3087 2892; x_wconf 88' lang='lat' dir='ltr'>ejusmodi</span> <span class='ocrx_word' id='word_1_420' title='bbox 3129 2821 3360 2878; x_wconf 89' lang='lat' dir='ltr'>insidiis</span> <span class='ocrx_word' id='word_1_421' title='bbox 3398 2820 3736 2876; x_wconf 82' lang='lat' dir='ltr'>mirandum</span> 
     </span>
    </p>
   </div>
   <div class='ocr_carea' id='block_1_60' title="bbox 2079 2908 3735 2982">
    <p class='ocr_par' dir='ltr' id='par_1_60' title="bbox 2079 2908 3735 2982">
     <span class='ocr_line' id='line_1_60' title="bbox 2079 2908 3735 2982; baseline -0.001 -14"><span class='ocrx_word' id='word_1_422' title='bbox 2079 2918 2186 2982; x_wconf 91' lang='lat' dir='ltr'>est,</span> <span class='ocrx_word' id='word_1_423' title='bbox 2220 2912 2435 2967; x_wconf 87' lang='lat' dir='ltr'>Ariana</span> <span class='ocrx_word' id='word_1_424' title='bbox 2465 2911 2694 2966; x_wconf 71' lang='lat' dir='ltr'>haeretis</span> <span class='ocrx_word' id='word_1_425' title='bbox 2720 2928 2847 2981; x_wconf 68' lang='lat' dir='ltr'>quaa</span> <span class='ocrx_word' id='word_1_426' title='bbox 2872 2911 3087 2967; x_wconf 89' lang='lat' dir='ltr'>Filium</span> <span class='ocrx_word' id='word_1_427' title='bbox 3121 2911 3221 2966; x_wconf 87' lang='lat' dir='ltr'>Dei</span> <span class='ocrx_word' id='word_1_428' title='bbox 3242 2908 3735 2982; x_wconf 79' lang='lat' dir='ltr'>abnegat,auxilio</span> 
     </span>
    </p>
   </div>
   <div class='ocr_carea' id='block_1_61' title="bbox 2079 2998 3736 3071">
    <p class='ocr_par' dir='ltr' id='par_1_61' title="bbox 2079 2998 3736 3071">
     <span class='ocr_line' id='line_1_61' title="bbox 2079 2998 3736 3071; baseline -0.001 -15"><span class='ocrx_word' id='word_1_429' title='bbox 2079 3001 2288 3056; x_wconf 88' lang='lat' dir='ltr'>nititur</span> <span class='ocrx_word' id='word_1_430' title='bbox 2316 3001 2742 3067; x_wconf 89' lang='lat' dir='ltr'>eunuchorum,</span> <span class='ocrx_word' id='word_1_431' title='bbox 2778 3000 2878 3070; x_wconf 89' lang='lat' dir='ltr'>qui</span> <span class='ocrx_word' id='word_1_432' title='bbox 2911 3009 2975 3054; x_wconf 87' lang='lat' dir='ltr'>ut</span> <span class='ocrx_word' id='word_1_433' title='bbox 3005 3000 3329 3071; x_wconf 80' lang='lat' dir='ltr'>natura,sie</span> <span class='ocrx_word' id='word_1_434' title='bbox 3360 3004 3416 3054; x_wconf 88' lang='lat' dir='ltr'>et</span> <span class='ocrx_word' id='word_1_435' title='bbox 3447 2998 3644 3054; x_wconf 88' lang='lat' dir='ltr'>anima</span> <span class='ocrx_word' id='word_1_436' title='bbox 3663 2998 3736 3054; x_wconf 88' lang='lat' dir='ltr'>ad</span> 
     </span>
    </p>
   </div>
   <div class='ocr_carea' id='block_1_62' title="bbox 2078 3087 3734 3161">
    <p class='ocr_par' dir='ltr' id='par_1_62' title="bbox 2078 3087 3734 3161">
     <span class='ocr_line' id='line_1_62' title="bbox 2078 3087 3734 3161; baseline -0.001 -17"><span class='ocrx_word' id='word_1_437' title='bbox 2078 3089 2405 3161; x_wconf 78' lang='lat' dir='ltr'>gignendae</span> <span class='ocrx_word' id='word_1_438' title='bbox 2435 3089 2676 3144; x_wconf 89' lang='lat' dir='ltr'>virtutes</span> <span class='ocrx_word' id='word_1_439' title='bbox 2709 3089 2936 3145; x_wconf 89' lang='lat' dir='ltr'>steriles</span> <span class='ocrx_word' id='word_1_440' title='bbox 2985 3093 3144 3154; x_wconf 91' lang='lat' dir='ltr'>sunt,</span> <span class='ocrx_word' id='word_1_441' title='bbox 3206 3105 3312 3143; x_wconf 89' lang='lat' dir='ltr'>nec</span> <span class='ocrx_word' id='word_1_442' title='bbox 3369 3103 3612 3160; x_wconf 90' lang='lat' dir='ltr'>prorsus</span> <span class='ocrx_word' id='word_1_443' title='bbox 3661 3087 3734 3142; x_wconf 87' lang='lat' dir='ltr'>de</span> 
     </span>
    </p>
   </div>
   <div class='ocr_carea' id='block_1_63' title="bbox 2076 3176 3735 3247">
    <p class='ocr_par' dir='ltr' id='par_1_63' title="bbox 2076 3176 3735 3247">
     <span class='ocr_line' id='line_1_63' title="bbox 2076 3176 3735 3247; baseline -0.001 -15"><span class='ocrx_word' id='word_1_444' title='bbox 2076 3177 2221 3232; x_wconf 86' lang='lat' dir='ltr'>Filio</span> <span class='ocrx_word' id='word_1_445' title='bbox 2255 3177 2457 3233; x_wconf 91' lang='lat' dir='ltr'>audire</span> <span class='ocrx_word' id='word_1_446' title='bbox 2488 3177 2662 3231; x_wconf 89' lang='lat' dir='ltr'>verba</span> <span class='ocrx_word' id='word_1_447' title='bbox 2693 3177 3010 3244; x_wconf 89' lang='lat' dir='ltr'>sustinent,</span> <span class='ocrx_word' id='word_1_448' title='bbox 3043 3176 3306 3247; x_wconf 63' lang='lat' dir='ltr'>Ethiops</span> <span class='ocrx_word' id='word_1_449' title='bbox 3337 3179 3489 3231; x_wconf 90' lang='lat' dir='ltr'>certe</span> <span class='ocrx_word' id='word_1_450' title='bbox 3549 3190 3735 3231; x_wconf 89' lang='lat' dir='ltr'>eunu-</span> 
     </span>
    </p>
   </div>
   <div class='ocr_carea' id='block_1_64' title="bbox 302 3261 1967 3368">
    <p class='ocr_par' dir='ltr' id='par_1_64' title="bbox 302 3262 1962 3368">
     <span class='ocr_line' id='line_1_64' title="bbox 302 3262 1962 3342; baseline -0.001 -23"><span class='ocrx_word' id='word_1_451' title='bbox 302 3263 609 3320; x_wconf 76' lang='grc' dir='ltr'>διδάσκοντι</span> <span class='ocrx_word' id='word_1_452' title='bbox 643 3267 768 3342; x_wconf 84' lang='grc' dir='ltr'>περὶ</span> <span class='ocrx_word' id='word_1_453' title='bbox 799 3270 896 3320; x_wconf 89' lang='grc' dir='ltr'>τοῦ</span> <span class='ocrx_word' id='word_1_454' title='bbox 931 3273 1192 3339; x_wconf 79' lang='grc' dir='ltr'>Σωτῆρος</span> <span class='ocrx_word' id='word_1_455' title='bbox 1226 3284 1237 3295; x_wconf 92' lang='grc'><strong>·</strong></span> <span class='ocrx_word' id='word_1_456' title='bbox 1271 3265 1323 3318; x_wconf 72' lang='grc' dir='ltr'>οἱ</span> <span class='ocrx_word' id='word_1_457' title='bbox 1356 3262 1412 3318; x_wconf 76' lang='grc' dir='ltr'>δὲ</span> <span class='ocrx_word' id='word_1_458' title='bbox 1440 3268 1536 3317; x_wconf 91' lang='grc' dir='ltr'>τοῦ</span> <span class='ocrx_word' id='word_1_459' title='bbox 1588 3263 1962 3318; x_wconf 82' lang='grc' dir='ltr'>Κωνσταντίου</span> 
     </span>
     <span class='ocr_line' id='line_1_65' title="bbox 395 3351 1730 3368; baseline -0.001 1"><span class='ocrx_word' id='word_1_460' title='bbox 395 3352 442 3368; x_wconf 54' lang='grc' dir='ltr'>’λ</span> <span class='ocrx_word' id='word_1_461' title='bbox 667 3353 690 3368; x_wconf 73' lang='grc' dir='ltr'><em>Π</em></span> <span class='ocrx_word' id='word_1_462' title='bbox 865 3360 889 3368; x_wconf 57' lang='grc' dir='ltr'><strong>ν</strong></span> <span class='ocrx_word' id='word_1_463' title='bbox 935 3357 999 3368; x_wconf 71' lang='grc' dir='ltr'>-ιιι</span> <span class='ocrx_word' id='word_1_464' title='bbox 1195 3355 1206 3368; x_wconf 74' lang='grc' dir='ltr'>ο</span> <span class='ocrx_word' id='word_1_465' title='bbox 1300 3351 1316 3368; x_wconf 47' lang='grc' dir='ltr'>Ὗ</span> <span class='ocrx_word' id='word_1_466' title='bbox 1441 3358 1465 3366; x_wconf 79' lang='lat'><em>~</em></span> <span class='ocrx_word' id='word_1_467' title='bbox 1659 3353 1671 3366; x_wconf 58' lang='grc' dir='ltr'>Ο</span> <span class='ocrx_word' id='word_1_468' title='bbox 1721 3353 1730 3368; x_wconf 82' lang='grc' dir='ltr'><strong><em>Ι</em></strong></span> 
     </span>
    </p>
   </div>
   <div class='ocr_carea' id='block_1_65' title="bbox 2084 3261 3738 3368">
    <p class='ocr_par' dir='ltr' id='par_1_65' title="bbox 2084 3261 3738 3337">
     <span class='ocr_line' id='line_1_66' title="bbox 2084 3261 3738 3337; baseline -0.002 -15"><span class='ocrx_word' id='word_1_469' title='bbox 2084 3267 2220 3322; x_wconf 81' lang='lat' dir='ltr'>chus</span> <span class='ocrx_word' id='word_1_470' title='bbox 2253 3283 2384 3322; x_wconf 90' lang='lat' dir='ltr'>cum</span> <span class='ocrx_word' id='word_1_471' title='bbox 2419 3282 2535 3321; x_wconf 91' lang='lat' dir='ltr'>non</span> <span class='ocrx_word' id='word_1_472' title='bbox 2559 3265 2909 3336; x_wconf 88' lang='lat' dir='ltr'>intelligeret</span> <span class='ocrx_word' id='word_1_473' title='bbox 2931 3281 3060 3336; x_wconf 76' lang='lat' dir='ltr'>quae</span> <span class='ocrx_word' id='word_1_474' title='bbox 3096 3264 3344 3337; x_wconf 84' lang='lat' dir='ltr'>legebat,</span> <span class='ocrx_word' id='word_1_475' title='bbox 3397 3265 3553 3320; x_wconf 71' lang='lat'>290</span> <span class='ocrx_word' id='word_1_476' title='bbox 3604 3261 3738 3320; x_wconf 92' lang='lat' dir='ltr'>Phi-</span> 
     </span>
    </p>
   </div>
   <div class='ocr_carea' id='block_1_66' title="bbox 302 3351 1956 3428">
    <p class='ocr_par' dir='ltr' id='par_1_66' title="bbox 302 3351 1956 3428">
     <span class='ocr_line' id='line_1_67' title="bbox 302 3351 1956 3428; baseline -0.002 -19"><span class='ocrx_word' id='word_1_477' title='bbox 302 3352 597 3416; x_wconf 76' lang='grc' dir='ltr'>σπάδοντες</span> <span class='ocrx_word' id='word_1_478' title='bbox 630 3353 753 3410; x_wconf 67' lang='grc' dir='ltr'>οὕτε</span> <span class='ocrx_word' id='word_1_479' title='bbox 798 3360 894 3409; x_wconf 90' lang='grc' dir='ltr'>τοῦ</span> <span class='ocrx_word' id='word_1_480' title='bbox 935 3357 1139 3428; x_wconf 67' lang='grc' dir='ltr'>Πέτρου</span> <span class='ocrx_word' id='word_1_481' title='bbox 1188 3351 1596 3427; x_wconf 82' lang='grc' dir='ltr'>ὁμολογοῦντος</span> <span class='ocrx_word' id='word_1_482' title='bbox 1648 3353 1956 3428; x_wconf 74' lang='grc' dir='ltr'>ἀνέχονται,</span> 
     </span>
    </p>
   </div>
   <div class='ocr_carea' id='block_1_67' title="bbox 302 3441 1958 3519">
    <p class='ocr_par' dir='ltr' id='par_1_67' title="bbox 302 3441 1958 3519">
     <span class='ocr_line' id='line_1_68' title="bbox 302 3441 1958 3519; baseline -0.001 -21"><span class='ocrx_word' id='word_1_483' title='bbox 302 3442 451 3498; x_wconf 73' lang='grc' dir='ltr'>ἀλλὰ</span> <span class='ocrx_word' id='word_1_484' title='bbox 507 3445 596 3499; x_wconf 85' lang='grc' dir='ltr'>καὶ</span> <span class='ocrx_word' id='word_1_485' title='bbox 653 3445 743 3499; x_wconf 85' lang='grc' dir='ltr'>τὸν</span> <span class='ocrx_word' id='word_1_486' title='bbox 802 3446 1011 3519; x_wconf 66' lang='grc' dir='ltr'>Πατέρα</span> <span class='ocrx_word' id='word_1_487' title='bbox 1061 3441 1340 3498; x_wconf 78' lang='grc' dir='ltr'>δεικνύντα</span> <span class='ocrx_word' id='word_1_488' title='bbox 1386 3444 1475 3495; x_wconf 80' lang='grc' dir='ltr'>τὸν</span> <span class='ocrx_word' id='word_1_489' title='bbox 1524 3442 1646 3496; x_wconf 82' lang='grc' dir='ltr'>Υὶὸν</span> <span class='ocrx_word' id='word_1_490' title='bbox 1699 3443 1958 3516; x_wconf 64' lang='grc' dir='ltr'>ἀποπρέο</span> 
     </span>
    </p>
   </div>
   <div class='ocr_carea' id='block_1_68' title="bbox 304 3529 1962 3612">
    <p class='ocr_par' dir='ltr' id='par_1_68' title="bbox 304 3529 1962 3612">
     <span class='ocr_line' id='line_1_69' title="bbox 304 3529 1962 3612; baseline -0.002 -24"><span class='ocrx_word' id='word_1_491' title='bbox 304 3554 516 3612; x_wconf 71' lang='grc' dir='ltr'>φονται,</span> <span class='ocrx_word' id='word_1_492' title='bbox 570 3533 661 3587; x_wconf 83' lang='grc' dir='ltr'>καὶ</span> <span class='ocrx_word' id='word_1_493' title='bbox 724 3532 1007 3606; x_wconf 84' lang='grc' dir='ltr'>μαίνονται</span> <span class='ocrx_word' id='word_1_494' title='bbox 1064 3533 1200 3586; x_wconf 78' lang='grc' dir='ltr'>κατα</span> <span class='ocrx_word' id='word_1_495' title='bbox 1255 3537 1360 3585; x_wconf 80' lang='grc' dir='ltr'>τῶν</span> <span class='ocrx_word' id='word_1_496' title='bbox 1414 3529 1685 3604; x_wconf 86' lang='grc' dir='ltr'>λεγόντων</span> <span class='ocrx_word' id='word_1_497' title='bbox 1740 3533 1962 3605; x_wconf 67' lang='grc' dir='ltr'>γνήσιον</span> 
     </span>
    </p>
   </div>
   <div class='ocr_carea' id='block_1_69' title="bbox 310 3617 1972 3696">
    <p class='ocr_par' dir='ltr' id='par_1_69' title="bbox 310 3617 1972 3696">
     <span class='ocr_line' id='line_1_70' title="bbox 310 3617 1972 3696; baseline -0.002 -19"><span class='ocrx_word' id='word_1_498' title='bbox 310 3622 445 3677; x_wconf 81' lang='grc' dir='ltr'>εἶναι</span> <span class='ocrx_word' id='word_1_499' title='bbox 475 3624 565 3677; x_wconf 84' lang='grc' dir='ltr'>τὸν</span> <span class='ocrx_word' id='word_1_500' title='bbox 601 3623 722 3676; x_wconf 72' lang='grc' dir='ltr'>Υὶὸν</span> <span class='ocrx_word' id='word_1_501' title='bbox 753 3627 848 3677; x_wconf 91' lang='grc' dir='ltr'>τοῦ</span> <span class='ocrx_word' id='word_1_502' title='bbox 881 3626 1036 3690; x_wconf 86' lang='grc' dir='ltr'>Θεοῦ,</span> <span class='ocrx_word' id='word_1_503' title='bbox 1088 3619 1422 3681; x_wconf 69' lang='grc' dir='ltr'>ἐκδικοῦντες</span> <span class='ocrx_word' id='word_1_504' title='bbox 1465 3617 1776 3674; x_wconf 82' lang='grc' dir='ltr'>σπαδόντων</span> <span class='ocrx_word' id='word_1_505' title='bbox 1827 3619 1972 3696; x_wconf 58' lang='grc' dir='ltr'>α’ίρε-</span> 
     </span>
    </p>
   </div>
   <div class='ocr_carea' id='block_1_70' title="bbox 306 3708 1967 3784">
    <p class='ocr_par' dir='ltr' id='par_1_70' title="bbox 306 3708 1967 3784">
     <span class='ocr_line' id='line_1_71' title="bbox 306 3708 1967 3784; baseline -0.001 -19"><span class='ocrx_word' id='word_1_506' title='bbox 306 3733 413 3781; x_wconf 86' lang='grc' dir='ltr'>σιν,</span> <span class='ocrx_word' id='word_1_507' title='bbox 450 3709 618 3784; x_wconf 71' lang='grc' dir='ltr'>μηδὲν</span> <span class='ocrx_word' id='word_1_508' title='bbox 653 3711 786 3766; x_wconf 76' lang='grc' dir='ltr'>εἶναι</span> <span class='ocrx_word' id='word_1_509' title='bbox 818 3713 1043 3784; x_wconf 74' lang='grc' dir='ltr'>γνήσιον</span> <span class='ocrx_word' id='word_1_510' title='bbox 1074 3711 1162 3765; x_wconf 84' lang='grc' dir='ltr'>καὶ</span> <span class='ocrx_word' id='word_1_511' title='bbox 1198 3708 1456 3780; x_wconf 87' lang='grc' dir='ltr'>ἀληθινόν</span> <span class='ocrx_word' id='word_1_512' title='bbox 1493 3708 1551 3763; x_wconf 87' lang='grc' dir='ltr'>ἐκ</span> <span class='ocrx_word' id='word_1_513' title='bbox 1589 3714 1686 3763; x_wconf 86' lang='grc' dir='ltr'>τοῦ</span> <span class='ocrx_word' id='word_1_514' title='bbox 1737 3710 1967 3784; x_wconf 58' lang='grc' dir='ltr'>Πατρός,</span> 
     </span>
    </p>
   </div>
   <div class='ocr_carea' id='block_1_71' title="bbox 303 3796 1968 3874">
    <p class='ocr_par' dir='ltr' id='par_1_71' title="bbox 303 3796 1968 3874">
     <span class='ocr_line' id='line_1_72' title="bbox 303 3796 1968 3874; baseline -0.001 -21"><span class='ocrx_word' id='word_1_515' title='bbox 303 3798 402 3854; x_wconf 83' lang='grc' dir='ltr'>Διᾶ</span> <span class='ocrx_word' id='word_1_516' title='bbox 431 3803 592 3853; x_wconf 87' lang='grc' dir='ltr'>τοῦτο</span> <span class='ocrx_word' id='word_1_517' title='bbox 624 3801 726 3874; x_wconf 79' lang='grc' dir='ltr'>γὰρ</span> <span class='ocrx_word' id='word_1_518' title='bbox 759 3800 847 3853; x_wconf 88' lang='grc' dir='ltr'>καὶ</span> <span class='ocrx_word' id='word_1_519' title='bbox 881 3801 908 3853; x_wconf 82' lang='grc' dir='ltr'>ὁ</span> <span class='ocrx_word' id='word_1_520' title='bbox 939 3799 1108 3871; x_wconf 81' lang='grc' dir='ltr'>νόμος</span> <span class='ocrx_word' id='word_1_521' title='bbox 1157 3797 1323 3873; x_wconf 78' lang='grc' dir='ltr'>εἷ’ργει</span> <span class='ocrx_word' id='word_1_522' title='bbox 1354 3796 1580 3859; x_wconf 87' lang='grc' dir='ltr'>τούτους</span> <span class='ocrx_word' id='word_1_523' title='bbox 1633 3798 1710 3859; x_wconf 77' lang='grc' dir='ltr'>εἷς</span> <span class='ocrx_word' id='word_1_524' title='bbox 1767 3796 1968 3868; x_wconf 83' lang='grc' dir='ltr'>ἐκκλη-</span> 
     </span>
    </p>
   </div>
   <div class='ocr_carea' id='block_1_72' title="bbox 305 3882 1971 3963">
    <p class='ocr_par' dir='ltr' id='par_1_72' title="bbox 305 3882 1971 3963">
     <span class='ocr_line' id='line_1_73' title="bbox 305 3882 1971 3963; baseline -0.001 -21"><span class='ocrx_word' id='word_1_525' title='bbox 305 3890 588 3957; x_wconf 74' lang='grc' dir='ltr'>σιαπικήν</span> <span class='ocrx_word' id='word_1_526' title='bbox 647 3883 984 3961; x_wconf 71' lang='grc' dir='ltr'>συμϐουλίαν</span> <span class='ocrx_word' id='word_1_527' title='bbox 1035 3882 1548 3963; x_wconf 70' lang='grc' dir='ltr'>προσλαμϐάνεσθαι</span> <span class='ocrx_word' id='word_1_528' title='bbox 1593 3905 1603 3917; x_wconf 82' lang='grc'><em>’</em></span> <span class='ocrx_word' id='word_1_529' title='bbox 1657 3887 1746 3941; x_wconf 86' lang='grc' dir='ltr'>καὶ</span> <span class='ocrx_word' id='word_1_530' title='bbox 1812 3887 1971 3960; x_wconf 71' lang='grc' dir='ltr'>δμω)</span> 
     </span>
    </p>
   </div>
   <div class='ocr_carea' id='block_1_73' title="bbox 311 3976 1976 4052">
    <p class='ocr_par' dir='ltr' id='par_1_73' title="bbox 311 3976 1976 4052">
     <span class='ocr_line' id='line_1_74' title="bbox 311 3976 1976 4052; baseline -0.001 -20"><span class='ocrx_word' id='word_1_531' title='bbox 311 3977 542 4039; x_wconf 86' lang='grc' dir='ltr'>τούτους</span> <span class='ocrx_word' id='word_1_532' title='bbox 603 3983 693 4032; x_wconf 87' lang='grc' dir='ltr'>νῦν</span> <span class='ocrx_word' id='word_1_533' title='bbox 742 3983 849 4032; x_wconf 81' lang='grc' dir='ltr'>τῶν</span> <span class='ocrx_word' id='word_1_534' title='bbox 909 3976 1381 4047; x_wconf 80' lang='grc' dir='ltr'>ἐκκλησιαστικῶν</span> <span class='ocrx_word' id='word_1_535' title='bbox 1429 3978 1710 4051; x_wconf 77' lang='grc' dir='ltr'>κριμάτων</span> <span class='ocrx_word' id='word_1_536' title='bbox 1757 3977 1976 4052; x_wconf 82' lang='grc' dir='ltr'>κυρίους</span> 
     </span>
    </p>
   </div>
   <div class='ocr_carea' id='block_1_74' title="bbox 305 4064 1977 4142">
    <p class='ocr_par' dir='ltr' id='par_1_74' title="bbox 305 4064 1977 4142">
     <span class='ocr_line' id='line_1_75' title="bbox 305 4064 1977 4142; baseline -0.001 -20"><span class='ocrx_word' id='word_1_537' title='bbox 305 4065 656 4141; x_wconf 82' lang='grc' dir='ltr'>ἐλογίσαντο’</span> <span class='ocrx_word' id='word_1_538' title='bbox 714 4067 802 4121; x_wconf 77' lang='grc' dir='ltr'>καὶ</span> <span class='ocrx_word' id='word_1_539' title='bbox 855 4066 987 4142; x_wconf 80' lang='grc' dir='ltr'>ὅπερ</span> <span class='ocrx_word' id='word_1_540' title='bbox 1049 4066 1107 4121; x_wconf 73' lang='grc' dir='ltr'>ἂν</span> <span class='ocrx_word' id='word_1_541' title='bbox 1168 4066 1354 4128; x_wconf 79' lang='grc' dir='ltr'>αὐτοῖς</span> <span class='ocrx_word' id='word_1_542' title='bbox 1406 4064 1551 4138; x_wconf 79' lang='grc' dir='ltr'>δόξῃ,</span> <span class='ocrx_word' id='word_1_543' title='bbox 1612 4071 1773 4120; x_wconf 85' lang='grc' dir='ltr'>τοῦτο</span> <span class='ocrx_word' id='word_1_544' title='bbox 1833 4073 1977 4120; x_wconf 73' lang='grc' dir='ltr'>Κων-</span> 
     </span>
    </p>
   </div>
   <div class='ocr_carea' id='block_1_75' title="bbox 305 4153 1980 4231">
    <p class='ocr_par' dir='ltr' id='par_1_75' title="bbox 305 4153 1980 4231">
     <span class='ocr_line' id='line_1_76' title="bbox 305 4153 1980 4231; baseline -0.001 -21"><span class='ocrx_word' id='word_1_545' title='bbox 305 4157 552 4217; x_wconf 73' lang='grc' dir='ltr'>πάντιος</span> <span class='ocrx_word' id='word_1_546' title='bbox 582 4154 777 4230; x_wconf 84' lang='grc' dir='ltr'>κρίνει,</span> <span class='ocrx_word' id='word_1_547' title='bbox 825 4155 913 4209; x_wconf 80' lang='grc' dir='ltr'>καὶ</span> <span class='ocrx_word' id='word_1_548' title='bbox 965 4156 1016 4208; x_wconf 77' lang='grc' dir='ltr'>οἱ</span> <span class='ocrx_word' id='word_1_549' title='bbox 1063 4153 1359 4229; x_wconf 79' lang='grc' dir='ltr'>λεγόμενοι</span> <span class='ocrx_word' id='word_1_550' title='bbox 1406 4155 1691 4210; x_wconf 78' lang='grc' dir='ltr'>ἐπίσκοποι</span> <span class='ocrx_word' id='word_1_551' title='bbox 1743 4155 1980 4231; x_wconf 76' lang='grc' dir='ltr'>ὑποκρί-</span> 
     </span>
    </p>
   </div>
   <div class='ocr_carea' id='block_1_76' title="bbox 306 4243 1982 4323">
    <p class='ocr_par' dir='ltr' id='par_1_76' title="bbox 306 4243 1982 4323">
     <span class='ocr_line' id='line_1_77' title="bbox 306 4243 1982 4323; baseline 0 -25"><span class='ocrx_word' id='word_1_552' title='bbox 306 4265 511 4300; x_wconf 85' lang='grc' dir='ltr'>νονται.</span> <span class='ocrx_word' id='word_1_553' title='bbox 567 4251 628 4298; x_wconf 77' lang='grc' dir='ltr'><em>Ὦ</em></span> <span class='ocrx_word' id='word_1_554' title='bbox 673 4243 757 4306; x_wconf 89' lang='grc' dir='ltr'>τίς</span> <span class='ocrx_word' id='word_1_555' title='bbox 810 4245 867 4298; x_wconf 69' lang='grc' dir='ltr'>ἂν</span> <span class='ocrx_word' id='word_1_556' title='bbox 919 4245 1131 4319; x_wconf 72' lang='grc' dir='ltr'>γένοιτο</span> <span class='ocrx_word' id='word_1_557' title='bbox 1181 4244 1389 4298; x_wconf 86' lang='grc' dir='ltr'>τούτων</span> <span class='ocrx_word' id='word_1_558' title='bbox 1446 4243 1847 4323; x_wconf 62' lang='grc' dir='ltr'>λογογράφος;</span> <span class='ocrx_word' id='word_1_559' title='bbox 1897 4245 1982 4314; x_wconf 84' lang='grc' dir='ltr'>τίς</span> 
     </span>
    </p>
   </div>
   <div class='ocr_carea' id='block_1_77' title="bbox 309 4331 1981 4410">
    <p class='ocr_par' dir='ltr' id='par_1_77' title="bbox 309 4331 1981 4410">
     <span class='ocr_line' id='line_1_78' title="bbox 309 4331 1981 4410; baseline -0.001 -22"><span class='ocrx_word' id='word_1_560' title='bbox 309 4331 620 4408; x_wconf 75' lang='grc' dir='ltr'>ἀπαγγείλῃ</span> <span class='ocrx_word' id='word_1_561' title='bbox 648 4338 816 4388; x_wconf 81' lang='grc' dir='ltr'>ταῦτα</span> <span class='ocrx_word' id='word_1_562' title='bbox 867 4334 944 4395; x_wconf 88' lang='grc' dir='ltr'>εἰς</span> <span class='ocrx_word' id='word_1_563' title='bbox 991 4335 1175 4408; x_wconf 70' lang='grc' dir='ltr'>γενεὰν</span> <span class='ocrx_word' id='word_1_564' title='bbox 1228 4335 1410 4409; x_wconf 79' lang='grc' dir='ltr'>ἐτέραν</span> <span class='ocrx_word' id='word_1_565' title='bbox 1447 4354 1458 4403; x_wconf 93' lang='grc'><strong>;</strong></span> <span class='ocrx_word' id='word_1_566' title='bbox 1492 4335 1576 4396; x_wconf 90' lang='grc' dir='ltr'>τίς</span> <span class='ocrx_word' id='word_1_567' title='bbox 1620 4335 1730 4410; x_wconf 68' lang='grc' dir='ltr'>ἄρα</span> <span class='ocrx_word' id='word_1_568' title='bbox 1765 4333 1981 4388; x_wconf 86' lang='grc' dir='ltr'>πιστεύ-</span> 
     </span>
    </p>
   </div>
   <div class='ocr_carea' id='block_1_78' title="bbox 310 4421 1983 4499">
    <p class='ocr_par' dir='ltr' id='par_1_78' title="bbox 310 4421 1983 4499">
     <span class='ocr_line' id='line_1_79' title="bbox 310 4421 1983 4499; baseline -0.001 -22"><span class='ocrx_word' id='word_1_569' title='bbox 310 4443 446 4478; x_wconf 89' lang='grc' dir='ltr'>σειεν</span> <span class='ocrx_word' id='word_1_570' title='bbox 482 4422 714 4494; x_wconf 83' lang='grc' dir='ltr'>ἀκούων,</span> <span class='ocrx_word' id='word_1_571' title='bbox 751 4421 832 4476; x_wconf 74' lang='grc' dir='ltr'>ὅτι</span> <span class='ocrx_word' id='word_1_572' title='bbox 868 4421 1162 4485; x_wconf 76' lang='grc' dir='ltr'>σπαδοντες</span> <span class='ocrx_word' id='word_1_573' title='bbox 1214 4423 1266 4476; x_wconf 79' lang='grc' dir='ltr'>οἱ</span> <span class='ocrx_word' id='word_1_574' title='bbox 1318 4422 1598 4484; x_wconf 82' lang='grc' dir='ltr'>οἰκειακάς</span> <span class='ocrx_word' id='word_1_575' title='bbox 1781 4425 1983 4499; x_wconf 76' lang='grc' dir='ltr'>ὑπηρε-</span> 
     </span>
    </p>
   </div>
   <div class='ocr_carea' id='block_1_79' title="bbox 312 4508 1983 4588">
    <p class='ocr_par' dir='ltr' id='par_1_79' title="bbox 312 4508 1983 4588">
     <span class='ocr_line' id='line_1_80' title="bbox 312 4508 1983 4588; baseline 0.001 -23"><span class='ocrx_word' id='word_1_576' title='bbox 312 4510 429 4572; x_wconf 82' lang='grc' dir='ltr'>σίας</span> <span class='ocrx_word' id='word_1_577' title='bbox 494 4511 655 4586; x_wconf 85' lang='grc' dir='ltr'>μόγις</span> <span class='ocrx_word' id='word_1_578' title='bbox 712 4512 1094 4584; x_wconf 74' lang='grc' dir='ltr'>πιστευόμενοι</span> <span class='ocrx_word' id='word_1_579' title='bbox 1144 4508 1468 4588; x_wconf 70' lang='grc' dir='ltr'>(φιλήδονον</span> <span class='ocrx_word' id='word_1_580' title='bbox 1547 4512 1650 4585; x_wconf 82' lang='grc' dir='ltr'>γάρ</span> <span class='ocrx_word' id='word_1_581' title='bbox 1738 4513 1799 4567; x_wconf 89' lang='grc' dir='ltr'>τὸ</span> <span class='ocrx_word' id='word_1_582' title='bbox 1856 4513 1983 4568; x_wconf 84' lang='grc' dir='ltr'>τού-</span> 
     </span>
    </p>
   </div>
   <div class='ocr_carea' id='block_1_80' title="bbox 311 4598 1980 4679">
    <p class='ocr_par' dir='ltr' id='par_1_80' title="bbox 311 4598 1980 4679">
     <span class='ocr_line' id='line_1_81' title="bbox 311 4598 1980 4679; baseline 0.002 -26"><span class='ocrx_word' id='word_1_583' title='bbox 311 4621 419 4654; x_wconf 90' lang='grc' dir='ltr'>των</span> <span class='ocrx_word' id='word_1_584' title='bbox 456 4598 620 4670; x_wconf 76' lang='grc' dir='ltr'>εἶδος,</span> <span class='ocrx_word' id='word_1_585' title='bbox 653 4601 742 4655; x_wconf 83' lang='grc' dir='ltr'>καὶ</span> <span class='ocrx_word' id='word_1_586' title='bbox 775 4599 926 4656; x_wconf 74' lang='grc' dir='ltr'>οὐδὲν</span> <span class='ocrx_word' id='word_1_587' title='bbox 969 4599 1109 4656; x_wconf 77' lang='grc' dir='ltr'>ἄλλο</span> <span class='ocrx_word' id='word_1_588' title='bbox 1143 4605 1501 4676; x_wconf 73' lang='grc' dir='ltr'>μεριμνῖυσιν,</span> <span class='ocrx_word' id='word_1_589' title='bbox 1539 4600 1614 4662; x_wconf 88' lang='grc' dir='ltr'>ὡς</span> <span class='ocrx_word' id='word_1_590' title='bbox 1643 4603 1814 4670; x_wconf 86' lang='grc' dir='ltr'>τοῦθ’,</span> <span class='ocrx_word' id='word_1_591' title='bbox 1848 4603 1980 4679; x_wconf 75' lang='grc' dir='ltr'>ὅπερ</span> 
     </span>
    </p>
   </div>
   <div class='ocr_carea' id='block_1_81' title="bbox 2070 3353 3734 3427">
    <p class='ocr_par' dir='ltr' id='par_1_81' title="bbox 2070 3353 3734 3427">
     <span class='ocr_line' id='line_1_82' title="bbox 2070 3353 3734 3427; baseline -0.001 -17"><span class='ocrx_word' id='word_1_592' title='bbox 2070 3355 2231 3427; x_wconf 77' lang='lat' dir='ltr'>lippo</span> <span class='ocrx_word' id='word_1_593' title='bbox 2265 3355 2335 3410; x_wconf 91' lang='lat' dir='ltr'>de</span> <span class='ocrx_word' id='word_1_594' title='bbox 2359 3353 2654 3410; x_wconf 86' lang='lat' dir='ltr'>Salvatore</span> <span class='ocrx_word' id='word_1_595' title='bbox 2684 3353 2911 3408; x_wconf 88' lang='lat' dir='ltr'>docenti</span> <span class='ocrx_word' id='word_1_596' title='bbox 2945 3353 3194 3409; x_wconf 90' lang='lat' dir='ltr'>credidit</span> <span class='ocrx_word' id='word_1_597' title='bbox 3211 3354 3249 3408; x_wconf 67' lang='grc' dir='ltr'>σε</span> <span class='ocrx_word' id='word_1_598' title='bbox 3285 3359 3343 3409; x_wconf 90' lang='lat' dir='ltr'>at</span> <span class='ocrx_word' id='word_1_599' title='bbox 3373 3353 3734 3410; x_wconf 81' lang='lat' dir='ltr'>Constantii-</span> 
     </span>
    </p>
   </div>
   <div class='ocr_carea' id='block_1_82' title="bbox 2073 3442 3700 3517">
    <p class='ocr_par' dir='ltr' id='par_1_82' title="bbox 2073 3442 3700 3517">
     <span class='ocr_line' id='line_1_83' title="bbox 2073 3442 3700 3517; baseline -0.001 -17"><span class='ocrx_word' id='word_1_600' title='bbox 2073 3445 2384 3517; x_wconf 89' lang='lat' dir='ltr'>spadones,</span> <span class='ocrx_word' id='word_1_601' title='bbox 2419 3459 2488 3497; x_wconf 90' lang='lat' dir='ltr'>ne</span> <span class='ocrx_word' id='word_1_602' title='bbox 2510 3447 2748 3498; x_wconf 88' lang='lat' dir='ltr'>Petrum</span> <span class='ocrx_word' id='word_1_603' title='bbox 2780 3443 3016 3513; x_wconf 92' lang='lat' dir='ltr'>quidem</span> <span class='ocrx_word' id='word_1_604' title='bbox 3049 3443 3420 3499; x_wconf 84' lang='lat' dir='ltr'>confitentem</span> <span class='ocrx_word' id='word_1_605' title='bbox 3450 3442 3700 3500; x_wconf 86' lang='lat' dir='ltr'>tolerant</span> 
     </span>
    </p>
   </div>
   <div class='ocr_carea' id='block_1_83' title="bbox 2077 3531 3742 3604">
    <p class='ocr_par' dir='ltr' id='par_1_83' title="bbox 2077 3531 3742 3604">
     <span class='ocr_line' id='line_1_84' title="bbox 2077 3531 3742 3604; baseline 0.001 -16"><span class='ocrx_word' id='word_1_606' title='bbox 2077 3535 2194 3588; x_wconf 91' lang='lat' dir='ltr'>imo</span> <span class='ocrx_word' id='word_1_607' title='bbox 2225 3535 2455 3589; x_wconf 85' lang='lat' dir='ltr'>Patrem</span> <span class='ocrx_word' id='word_1_608' title='bbox 2489 3535 2587 3604; x_wconf 91' lang='lat' dir='ltr'>qui</span> <span class='ocrx_word' id='word_1_609' title='bbox 2614 3531 2824 3586; x_wconf 81' lang='lat' dir='ltr'>Filium</span> <span class='ocrx_word' id='word_1_610' title='bbox 2842 3549 3016 3587; x_wconf 91' lang='lat' dir='ltr'>suum</span> <span class='ocrx_word' id='word_1_611' title='bbox 3036 3531 3346 3587; x_wconf 68' lang='lat' dir='ltr'>declarat‘0</span> <span class='ocrx_word' id='word_1_612' title='bbox 3374 3539 3742 3604; x_wconf 86' lang='lat' dir='ltr'>aversantur,</span> 
     </span>
    </p>
   </div>
   <div class='ocr_carea' id='block_1_84' title="bbox 2080 3621 3730 3694">
    <p class='ocr_par' dir='ltr' id='par_1_84' title="bbox 2080 3621 3730 3694">
     <span class='ocr_line' id='line_1_85' title="bbox 2080 3621 3730 3694; baseline 0 -15"><span class='ocrx_word' id='word_1_613' title='bbox 2080 3625 2399 3694; x_wconf 89' lang='lat' dir='ltr'>furuntque</span> <span class='ocrx_word' id='word_1_614' title='bbox 2432 3625 2488 3676; x_wconf 91' lang='lat' dir='ltr'>in</span> <span class='ocrx_word' id='word_1_615' title='bbox 2523 3638 2620 3677; x_wconf 92' lang='lat' dir='ltr'>eos</span> <span class='ocrx_word' id='word_1_616' title='bbox 2654 3621 2752 3692; x_wconf 93' lang='lat' dir='ltr'>qui</span> <span class='ocrx_word' id='word_1_617' title='bbox 2785 3621 2950 3676; x_wconf 89' lang='lat' dir='ltr'>aiunt</span> <span class='ocrx_word' id='word_1_618' title='bbox 2981 3622 3304 3693; x_wconf 90' lang='lat' dir='ltr'>genuinum</span> <span class='ocrx_word' id='word_1_619' title='bbox 3337 3638 3465 3678; x_wconf 88' lang='lat' dir='ltr'>esse</span> <span class='ocrx_word' id='word_1_620' title='bbox 3495 3623 3593 3678; x_wconf 90' lang='lat' dir='ltr'>Dei</span> <span class='ocrx_word' id='word_1_621' title='bbox 3637 3624 3730 3679; x_wconf 89' lang='lat' dir='ltr'>Fi-</span> 
     </span>
    </p>
   </div>
   <div class='ocr_carea' id='block_1_85' title="bbox 2081 3710 3730 3784">
    <p class='ocr_par' dir='ltr' id='par_1_85' title="bbox 2081 3710 3730 3784">
     <span class='ocr_line' id='line_1_86' title="bbox 2081 3710 3730 3784; baseline 0 -15"><span class='ocrx_word' id='word_1_622' title='bbox 2081 3715 2225 3769; x_wconf 93' lang='lat' dir='ltr'>lium</span> <span class='ocrx_word' id='word_1_623' title='bbox 2275 3719 2449 3784; x_wconf 90' lang='lat' dir='ltr'>atque</span> <span class='ocrx_word' id='word_1_624' title='bbox 2507 3711 2588 3766; x_wconf 88' lang='lat' dir='ltr'>ita</span> <span class='ocrx_word' id='word_1_625' title='bbox 2637 3711 2965 3781; x_wconf 86' lang='lat' dir='ltr'>spadonum</span> <span class='ocrx_word' id='word_1_626' title='bbox 3019 3710 3384 3768; x_wconf 89' lang='lat' dir='ltr'>ulciscuntur</span> <span class='ocrx_word' id='word_1_627' title='bbox 3439 3711 3730 3782; x_wconf 67' lang='lat' dir='ltr'>haeresim,</span> 
     </span>
    </p>
   </div>
   <div class='ocr_carea' id='block_1_86' title="bbox 2087 3800 3731 3876">
    <p class='ocr_par' dir='ltr' id='par_1_86' title="bbox 2087 3800 3731 3876">
     <span class='ocr_line' id='line_1_87' title="bbox 2087 3800 3731 3876; baseline 0.001 -19"><span class='ocrx_word' id='word_1_628' title='bbox 2087 3820 2212 3876; x_wconf 71' lang='lat' dir='ltr'>qua:</span> <span class='ocrx_word' id='word_1_629' title='bbox 2246 3802 2344 3869; x_wconf 89' lang='lat' dir='ltr'>ait,</span> <span class='ocrx_word' id='word_1_630' title='bbox 2379 3800 2520 3855; x_wconf 89' lang='lat' dir='ltr'>nihil</span> <span class='ocrx_word' id='word_1_631' title='bbox 2553 3818 2621 3855; x_wconf 85' lang='lat' dir='ltr'>ex</span> <span class='ocrx_word' id='word_1_632' title='bbox 2651 3804 2818 3854; x_wconf 90' lang='lat' dir='ltr'>Patre</span> <span class='ocrx_word' id='word_1_633' title='bbox 2844 3801 3166 3871; x_wconf 87' lang='lat' dir='ltr'>genuinum</span> <span class='ocrx_word' id='word_1_634' title='bbox 3199 3817 3266 3857; x_wconf 92' lang='lat' dir='ltr'>ac</span> <span class='ocrx_word' id='word_1_635' title='bbox 3321 3817 3524 3856; x_wconf 76' lang='lat' dir='ltr'>verum</span> <span class='ocrx_word' id='word_1_636' title='bbox 3581 3817 3731 3858; x_wconf 89' lang='lat' dir='ltr'>esse.</span> 
     </span>
    </p>
   </div>
   <div class='ocr_carea' id='block_1_87' title="bbox 2089 3889 3736 3961">
    <p class='ocr_par' dir='ltr' id='par_1_87' title="bbox 2089 3889 3736 3961">
     <span class='ocr_line' id='line_1_88' title="bbox 2089 3889 3736 3961; baseline -0.001 -14"><span class='ocrx_word' id='word_1_637' title='bbox 2089 3893 2370 3961; x_wconf 85' lang='lat' dir='ltr'>Quocirca</span> <span class='ocrx_word' id='word_1_638' title='bbox 2409 3895 2566 3945; x_wconf 83' lang='lat' dir='ltr'>velat</span> <span class='ocrx_word' id='word_1_639' title='bbox 2597 3889 2687 3944; x_wconf 85' lang='lat' dir='ltr'>lex</span> <span class='ocrx_word' id='word_1_640' title='bbox 2716 3889 2847 3944; x_wconf 90' lang='lat' dir='ltr'>illos</span> <span class='ocrx_word' id='word_1_641' title='bbox 2908 3891 2978 3945; x_wconf 94' lang='lat' dir='ltr'>ad</span> <span class='ocrx_word' id='word_1_642' title='bbox 3039 3889 3502 3946; x_wconf 88' lang='lat' dir='ltr'>ecclesiasticum</span> <span class='ocrx_word' id='word_1_643' title='bbox 3543 3890 3736 3947; x_wconf 88' lang='lat' dir='ltr'>consi-</span> 
     </span>
    </p>
   </div>
   <div class='ocr_carea' id='block_1_88' title="bbox 2087 3979 3740 4038">
    <p class='ocr_par' dir='ltr' id='par_1_88' title="bbox 2087 3979 3740 4038">
     <span class='ocr_line' id='line_1_89' title="bbox 2087 3979 3740 4038; baseline -0.001 -1"><span class='ocrx_word' id='word_1_644' title='bbox 2087 3983 2231 4038; x_wconf 88' lang='lat' dir='ltr'>lium</span> <span class='ocrx_word' id='word_1_645' title='bbox 2258 3980 2509 4036; x_wconf 89' lang='lat' dir='ltr'>admitti.</span> <span class='ocrx_word' id='word_1_646' title='bbox 2543 3982 2810 4034; x_wconf 88' lang='lat' dir='ltr'>Attamen</span> <span class='ocrx_word' id='word_1_647' title='bbox 2851 3979 2957 4034; x_wconf 90' lang='lat' dir='ltr'>hos</span> <span class='ocrx_word' id='word_1_648' title='bbox 3011 3995 3168 4034; x_wconf 90' lang='lat' dir='ltr'>nunc</span> <span class='ocrx_word' id='word_1_649' title='bbox 3210 3979 3740 4036; x_wconf 88' lang='lat' dir='ltr'>ecclesiastioorum</span> 
     </span>
    </p>
   </div>
   <div class='ocr_carea' id='block_1_89' title="bbox 2083 4069 3743 4143">
    <p class='ocr_par' dir='ltr' id='par_1_89' title="bbox 2083 4069 3743 4143">
     <span class='ocr_line' id='line_1_90' title="bbox 2083 4069 3743 4143; baseline -0.001 -17"><span class='ocrx_word' id='word_1_650' title='bbox 2083 4072 2445 4143; x_wconf 89' lang='lat' dir='ltr'>judiciorum</span> <span class='ocrx_word' id='word_1_651' title='bbox 2479 4069 2746 4123; x_wconf 88' lang='lat' dir='ltr'>dominos</span> <span class='ocrx_word' id='word_1_652' title='bbox 2778 4074 3079 4139; x_wconf 86' lang='lat' dir='ltr'>reputant:</span> <span class='ocrx_word' id='word_1_653' title='bbox 3113 4084 3434 4140; x_wconf 89' lang='lat' dir='ltr'>eorumque</span> <span class='ocrx_word' id='word_1_654' title='bbox 3458 4069 3743 4125; x_wconf 85' lang='lat' dir='ltr'>arbitratu</span> 
     </span>
    </p>
   </div>
   <div class='ocr_carea' id='block_1_90' title="bbox 2088 4155 3744 4232">
    <p class='ocr_par' dir='ltr' id='par_1_90' title="bbox 2088 4155 3744 4232">
     <span class='ocr_line' id='line_1_91' title="bbox 2088 4155 3744 4232; baseline -0.001 -18"><span class='ocrx_word' id='word_1_655' title='bbox 2088 4161 2314 4232; x_wconf 89' lang='lat' dir='ltr'>judicat</span> <span class='ocrx_word' id='word_1_656' title='bbox 2338 4157 2734 4223; x_wconf 85' lang='lat' dir='ltr'>Constantius,</span> <span class='ocrx_word' id='word_1_657' title='bbox 2767 4155 3424 4213; x_wconf 88' lang='lat' dir='ltr'>dissimulantibusillis</span> <span class='ocrx_word' id='word_1_658' title='bbox 3465 4159 3563 4229; x_wconf 86' lang='lat' dir='ltr'>qui</span> <span class='ocrx_word' id='word_1_659' title='bbox 3623 4158 3744 4230; x_wconf 83' lang='lat' dir='ltr'>epi-</span> 
     </span>
    </p>
   </div>
   <div class='ocr_carea' id='block_1_91' title="bbox 2095 4245 3742 4320">
    <p class='ocr_par' dir='ltr' id='par_1_91' title="bbox 2095 4245 3742 4320">
     <span class='ocr_line' id='line_1_92' title="bbox 2095 4245 3742 4320; baseline -0.002 -16"><span class='ocrx_word' id='word_1_660' title='bbox 2095 4249 2253 4320; x_wconf 89' lang='lat' dir='ltr'>scopi</span> <span class='ocrx_word' id='word_1_661' title='bbox 2287 4245 2520 4302; x_wconf 87' lang='lat' dir='ltr'>nomine</span> <span class='ocrx_word' id='word_1_662' title='bbox 2552 4250 2848 4300; x_wconf 85' lang='lat' dir='ltr'>vocantur.</span> <span class='ocrx_word' id='word_1_663' title='bbox 2881 4250 3005 4301; x_wconf 87' lang='lat' dir='ltr'>IIeu</span> <span class='ocrx_word' id='word_1_664' title='bbox 3040 4247 3140 4317; x_wconf 92' lang='lat' dir='ltr'>qui</span> <span class='ocrx_word' id='word_1_665' title='bbox 3172 4263 3264 4303; x_wconf 86' lang='lat' dir='ltr'>res</span> <span class='ocrx_word' id='word_1_666' title='bbox 3287 4245 3577 4316; x_wconf 84' lang='lat' dir='ltr'>ejusmodi</span> <span class='ocrx_word' id='word_1_667' title='bbox 3600 4247 3742 4301; x_wconf 86' lang='lat' dir='ltr'>scri-</span> 
     </span>
    </p>
   </div>
   <div class='ocr_carea' id='block_1_92' title="bbox 2097 4333 3742 4411">
    <p class='ocr_par' dir='ltr' id='par_1_92' title="bbox 2097 4333 3742 4411">
     <span class='ocr_line' id='line_1_93' title="bbox 2097 4333 3742 4411; baseline -0.002 -18"><span class='ocrx_word' id='word_1_668' title='bbox 2097 4345 2194 4411; x_wconf 89' lang='lat' dir='ltr'>pto</span> <span class='ocrx_word' id='word_1_669' title='bbox 2212 4337 2535 4392; x_wconf 89' lang='lat' dir='ltr'>traditurus</span> <span class='ocrx_word' id='word_1_670' title='bbox 2554 4339 2642 4390; x_wconf 91' lang='lat' dir='ltr'>est</span> <span class='ocrx_word' id='word_1_671' title='bbox 2671 4335 2697 4388; x_wconf 82' lang='lat'>‘?</span> <span class='ocrx_word' id='word_1_672' title='bbox 2727 4335 2824 4406; x_wconf 93' lang='lat' dir='ltr'>qui</span> <span class='ocrx_word' id='word_1_673' title='bbox 2858 4340 3204 4391; x_wconf 87' lang='lat' dir='ltr'>narraturus</span> <span class='ocrx_word' id='word_1_674' title='bbox 3252 4335 3610 4407; x_wconf 85' lang='lat' dir='ltr'>generationi</span> <span class='ocrx_word' id='word_1_675' title='bbox 3658 4333 3742 4389; x_wconf 88' lang='lat' dir='ltr'>al-</span> 
     </span>
    </p>
   </div>
   <div class='ocr_carea' id='block_1_93' title="bbox 2095 4423 3749 4498">
    <p class='ocr_par' dir='ltr' id='par_1_93' title="bbox 2095 4423 3749 4498">
     <span class='ocr_line' id='line_1_94' title="bbox 2095 4423 3749 4498; baseline -0.002 -15"><span class='ocrx_word' id='word_1_676' title='bbox 2095 4429 2202 4484; x_wconf 92' lang='lat' dir='ltr'>teri</span> <span class='ocrx_word' id='word_1_677' title='bbox 2231 4427 2257 4481; x_wconf 80' lang='lat'><strong>?</strong></span> <span class='ocrx_word' id='word_1_678' title='bbox 2289 4426 2421 4498; x_wconf 89' lang='lat' dir='ltr'>quis</span> <span class='ocrx_word' id='word_1_679' title='bbox 2453 4425 2710 4480; x_wconf 87' lang='lat' dir='ltr'>narranti</span> <span class='ocrx_word' id='word_1_680' title='bbox 2736 4425 2910 4479; x_wconf 82' lang='lat' dir='ltr'>ﬁdem</span> <span class='ocrx_word' id='word_1_681' title='bbox 2936 4424 3162 4493; x_wconf 90' lang='lat' dir='ltr'>habeat,</span> <span class='ocrx_word' id='word_1_682' title='bbox 3186 4426 3476 4497; x_wconf 88' lang='lat' dir='ltr'>spadones</span> <span class='ocrx_word' id='word_1_683' title='bbox 3527 4423 3749 4480; x_wconf 84' lang='lat' dir='ltr'>scilicet</span> 
     </span>
    </p>
   </div>
   <div class='ocr_carea' id='block_1_94' title="bbox 2099 4513 3744 4589">
    <p class='ocr_par' dir='ltr' id='par_1_94' title="bbox 2099 4513 3744 4589">
     <span class='ocr_line' id='line_1_95' title="bbox 2099 4513 3744 4589; baseline -0.002 -18"><span class='ocrx_word' id='word_1_684' title='bbox 2099 4518 2315 4589; x_wconf 87' lang='lat' dir='ltr'>quibus</span> <span class='ocrx_word' id='word_1_685' title='bbox 2345 4514 2664 4570; x_wconf 88' lang='lat' dir='ltr'>domestica</span> <span class='ocrx_word' id='word_1_686' title='bbox 2687 4514 2781 4568; x_wconf 78' lang='lat' dir='ltr'>vix</span> <span class='ocrx_word' id='word_1_687' title='bbox 2817 4513 3140 4569; x_wconf 87' lang='lat' dir='ltr'>ministeria</span> <span class='ocrx_word' id='word_1_688' title='bbox 3170 4514 3595 4569; x_wconf 89' lang='lat' dir='ltr'>concredantur</span> <span class='ocrx_word' id='word_1_689' title='bbox 3626 4514 3744 4586; x_wconf 85' lang='lat' dir='ltr'>(vo-</span> 
     </span>
    </p>
   </div>
   <div class='ocr_carea' id='block_1_95' title="bbox 2099 4601 3744 4678">
    <p class='ocr_par' dir='ltr' id='par_1_95' title="bbox 2099 4601 3744 4678">
     <span class='ocr_line' id='line_1_96' title="bbox 2099 4601 3744 4678; baseline -0.003 -17"><span class='ocrx_word' id='word_1_690' title='bbox 2099 4605 2418 4678; x_wconf 85' lang='lat' dir='ltr'>luptarium</span> <span class='ocrx_word' id='word_1_691' title='bbox 2449 4604 2602 4659; x_wconf 90' lang='lat' dir='ltr'>enim</span> <span class='ocrx_word' id='word_1_692' title='bbox 2626 4619 2810 4675; x_wconf 90' lang='lat' dir='ltr'>genus</span> <span class='ocrx_word' id='word_1_693' title='bbox 2839 4607 2946 4670; x_wconf 88' lang='lat' dir='ltr'>est,</span> <span class='ocrx_word' id='word_1_694' title='bbox 2972 4603 3072 4674; x_wconf 94' lang='lat' dir='ltr'>qui</span> <span class='ocrx_word' id='word_1_695' title='bbox 3125 4602 3268 4657; x_wconf 92' lang='lat' dir='ltr'>nihil</span> <span class='ocrx_word' id='word_1_696' title='bbox 3314 4601 3471 4658; x_wconf 89' lang='lat' dir='ltr'>aliud</span> <span class='ocrx_word' id='word_1_697' title='bbox 3516 4606 3744 4673; x_wconf 85' lang='lat' dir='ltr'>curant,</span> 
     </span>
    </p>
   </div>
   <div class='ocr_carea' id='block_1_96' title="bbox 315 4668 1967 4769">
    <p class='ocr_par' dir='ltr' id='par_1_96' title="bbox 315 4688 1967 4769">
     <span class='ocr_line' id='line_1_97' title="bbox 315 4688 1967 4769; baseline 0.001 -25"><span class='ocrx_word' id='word_1_698' title='bbox 315 4688 512 4751; x_wconf 74' lang='grc' dir='ltr'>αὐτοὺς</span> <span class='ocrx_word' id='word_1_699' title='bbox 538 4693 572 4758; x_wconf 86' lang='grc' dir='ltr'>ἠ</span> <span class='ocrx_word' id='word_1_700' title='bbox 607 4689 763 4767; x_wconf 69' lang='grc' dir='ltr'>φόσις</span> <span class='ocrx_word' id='word_1_701' title='bbox 796 4689 1077 4769; x_wconf 78' lang='grc' dir='ltr'>ἀφείλατο,</span> <span class='ocrx_word' id='word_1_702' title='bbox 1131 4688 1489 4763; x_wconf 83' lang='grc' dir='ltr'>ἐμποδίζειν),</span> <span class='ocrx_word' id='word_1_703' title='bbox 1538 4690 1688 4744; x_wconf 81' lang='grc' dir='ltr'>οὗτοι</span> <span class='ocrx_word' id='word_1_704' title='bbox 1736 4697 1827 4745; x_wconf 89' lang='grc' dir='ltr'>νῦν</span> <span class='ocrx_word' id='word_1_705' title='bbox 1869 4697 1967 4746; x_wconf 61' lang='grc' dir='ltr'>τῶι</span> 
     </span>
    </p>
   </div>
   <div class='ocr_carea' id='block_1_97' title="bbox 2084 4668 3749 4769">
    <p class='ocr_par' dir='ltr' id='par_1_97' title="bbox 2091 4668 3749 4768">
     <span class='ocr_line' id='line_1_98' title="bbox 2091 4668 3749 4768; baseline -0.004 -18"><span class='ocrx_word' id='word_1_706' title='bbox 2091 4668 2268 4768; x_wconf 69' lang='lat' dir='ltr'>quam</span> <span class='ocrx_word' id='word_1_707' title='bbox 2303 4700 2367 4749; x_wconf 88' lang='lat' dir='ltr'>ut</span> <span class='ocrx_word' id='word_1_708' title='bbox 2398 4693 2550 4764; x_wconf 92' lang='lat' dir='ltr'>quod</span> <span class='ocrx_word' id='word_1_709' title='bbox 2575 4668 2683 4748; x_wconf 75' lang='lat' dir='ltr'>sibi</span> <span class='ocrx_word' id='word_1_710' title='bbox 2718 4710 2751 4747; x_wconf 94' lang='lat' dir='ltr'>a</span> <span class='ocrx_word' id='word_1_711' title='bbox 2782 4668 3297 4764; x_wconf 70' lang='lat' dir='ltr'>naturanegatum</span> <span class='ocrx_word' id='word_1_712' title='bbox 3337 4694 3444 4761; x_wconf 87' lang='lat' dir='ltr'>est,</span> <span class='ocrx_word' id='word_1_713' title='bbox 3499 4689 3609 4746; x_wconf 89' lang='lat' dir='ltr'>hoc</span> <span class='ocrx_word' id='word_1_714' title='bbox 3659 4668 3749 4759; x_wconf 71' lang='lat' dir='ltr'>illi</span> 
     </span>
    </p>
   </div>
   <div class='ocr_carea' id='block_1_98' title="bbox 316 4777 1978 4855">
    <p class='ocr_par' dir='ltr' id='par_1_98' title="bbox 316 4777 1978 4855">
     <span class='ocr_line' id='line_1_99' title="bbox 316 4777 1978 4855; baseline 0.001 -23"><span class='ocrx_word' id='word_1_715' title='bbox 316 4777 782 4849; x_wconf 84' lang='grc' dir='ltr'>ἐκκλησιαστικῶν</span> <span class='ocrx_word' id='word_1_716' title='bbox 817 4783 926 4853; x_wconf 74' lang='grc'>(44)</span> <span class='ocrx_word' id='word_1_717' title='bbox 972 4782 1328 4855; x_wconf 72' lang='grc' dir='ltr'>κατάρχουσι,</span> <span class='ocrx_word' id='word_1_718' title='bbox 1381 4779 1470 4832; x_wconf 89' lang='grc' dir='ltr'>καὶ</span> <span class='ocrx_word' id='word_1_719' title='bbox 1515 4779 1728 4842; x_wconf 85' lang='grc' dir='ltr'>τούτοις</span> <span class='ocrx_word' id='word_1_720' title='bbox 1783 4781 1978 4835; x_wconf 80' lang='grc' dir='ltr'>ὑποπί-</span> 
     </span>
    </p>
   </div>
   <div class='ocr_carea' id='block_1_99' title="bbox 316 4865 1981 4942">
    <p class='ocr_par' dir='ltr' id='par_1_99' title="bbox 316 4865 1981 4942">
     <span class='ocr_line' id='line_1_100' title="bbox 316 4865 1981 4942; baseline 0.001 -20"><span class='ocrx_word' id='word_1_721' title='bbox 316 4889 467 4923; x_wconf 82' lang='grc' dir='ltr'>πτων</span> <span class='ocrx_word' id='word_1_722' title='bbox 517 4870 912 4938; x_wconf 79' lang='grc' dir='ltr'>Κωνστάντιος,</span> <span class='ocrx_word' id='word_1_723' title='bbox 945 4876 1102 4924; x_wconf 77' lang='grc' dir='ltr'>πᾶσιν</span> <span class='ocrx_word' id='word_1_724' title='bbox 1154 4865 1534 4938; x_wconf 75' lang='grc' dir='ltr'>ἐπεϐούλευσε,</span> <span class='ocrx_word' id='word_1_725' title='bbox 1587 4870 1679 4924; x_wconf 83' lang='grc' dir='ltr'>καὶ</span> <span class='ocrx_word' id='word_1_726' title='bbox 1733 4865 1981 4942; x_wconf 68' lang='grc' dir='ltr'>Λιϐἐριον</span> 
     </span>
    </p>
   </div>
   <div class='ocr_carea' id='block_1_100' title="bbox 318 4956 620 5034">
    <p class='ocr_par' dir='ltr' id='par_1_100' title="bbox 318 4956 620 5034">
     <span class='ocr_line' id='line_1_101' title="bbox 318 4956 620 5034; baseline 0.003 -22"><span class='ocrx_word' id='word_1_727' title='bbox 318 4956 568 5034; x_wconf 79' lang='grc' dir='ltr'>ἐξώρισεν</span> <span class='ocrx_word' id='word_1_728' title='bbox 608 4977 620 5026; x_wconf 90' lang='grc'><strong>;</strong></span> 
     </span>
    </p>
   </div>
   <div class='ocr_carea' id='block_1_101' title="bbox 391 5134 1394 5214">
    <p class='ocr_par' dir='ltr' id='par_1_101' title="bbox 391 5134 1394 5214">
     <span class='ocr_line' id='line_1_102' title="bbox 391 5134 1394 5214; baseline -0.002 -22"><span class='ocrx_word' id='word_1_729' title='bbox 391 5138 477 5193; x_wconf 83' lang='grc'>39.</span> <span class='ocrx_word' id='word_1_730' title='bbox 520 5134 739 5208; x_wconf 77' lang='grc' dir='ltr'>Ἐπειδή</span> <span class='ocrx_word' id='word_1_731' title='bbox 800 5139 904 5214; x_wconf 72' lang='grc' dir='ltr'>γὰρ</span> <span class='ocrx_word' id='word_1_732' title='bbox 958 5136 1132 5200; x_wconf 78' lang='grc' dir='ltr'>πολὺς</span> <span class='ocrx_word' id='word_1_733' title='bbox 1188 5140 1252 5206; x_wconf 67' lang='grc' dir='ltr'>’ἦν</span> <span class='ocrx_word' id='word_1_734' title='bbox 1321 5138 1394 5199; x_wconf 80' lang='grc' dir='ltr'>εἰς</span> 
     </span>
    </p>
   </div>
   <div class='ocr_carea' id='block_1_102' title="bbox 394 5258 1444 5334">
    <p class='ocr_par' dir='ltr' id='par_1_102' title="bbox 394 5258 1444 5334">
     <span class='ocr_line' id='line_1_103' title="bbox 394 5258 1444 5334; baseline -0.003 -14"><span class='ocrx_word' id='word_1_735' title='bbox 394 5263 414 5296; x_wconf 81' lang='grc'>⁹</span> <span class='ocrx_word' id='word_1_736' title='bbox 442 5267 566 5320; x_wconf 86' lang='lat' dir='ltr'>Act.</span> <span class='ocrx_word' id='word_1_737' title='bbox 591 5258 722 5334; x_wconf 66' lang='grc' dir='ltr'>νηί,</span> <span class='ocrx_word' id='word_1_738' title='bbox 755 5266 844 5318; x_wconf 81' lang='grc'>27.</span> <span class='ocrx_word' id='word_1_739' title='bbox 903 5266 948 5299; x_wconf 87' lang='grc'>¹⁰</span> <span class='ocrx_word' id='word_1_740' title='bbox 973 5265 1179 5320; x_wconf 88' lang='lat' dir='ltr'>Matth.</span> <span class='ocrx_word' id='word_1_741' title='bbox 1216 5283 1357 5333; x_wconf 83' lang='lat' dir='ltr'>xvu,</span> <span class='ocrx_word' id='word_1_742' title='bbox 1391 5265 1444 5318; x_wconf 82' lang='grc'>5.</span> 
     </span>
    </p>
   </div>
   <div class='ocr_carea' id='block_1_103' title="bbox 1455 5139 1983 5216">
    <p class='ocr_par' dir='ltr' id='par_1_103' title="bbox 1455 5139 1983 5216">
     <span class='ocr_line' id='line_1_104' title="bbox 1455 5139 1983 5216; baseline 0 -24"><span class='ocrx_word' id='word_1_743' title='bbox 1455 5139 1674 5211; x_wconf 83' lang='grc' dir='ltr'>Ῥώμην</span> <span class='ocrx_word' id='word_1_744' title='bbox 1734 5140 1983 5216; x_wconf 53' lang='grc' dir='ltr'>γραῳων,</span> 
     </span>
    </p>
   </div>
   <div class='ocr_carea' id='block_1_104' title="bbox 321 5389 1986 5461">
    <p class='ocr_par' dir='ltr' id='par_1_104' title="bbox 321 5389 1986 5461">
     <span class='ocr_line' id='line_1_105' title="bbox 321 5389 1986 5461; baseline 0.005 -20"><span class='ocrx_word' id='word_1_745' title='bbox 321 5403 455 5442; x_wconf 92' lang='lat' dir='ltr'>rum</span> <span class='ocrx_word' id='word_1_746' title='bbox 488 5389 931 5461; x_wconf 84' lang='lat' dir='ltr'>potestas,haud</span> <span class='ocrx_word' id='word_1_747' title='bbox 965 5391 1091 5445; x_wconf 90' lang='lat' dir='ltr'>sine</span> <span class='ocrx_word' id='word_1_748' title='bbox 1122 5390 1507 5461; x_wconf 87' lang='lat' dir='ltr'>querimoniis</span> <span class='ocrx_word' id='word_1_749' title='bbox 1538 5393 1986 5448; x_wconf 88' lang='lat' dir='ltr'>testanturscri-</span> 
     </span>
    </p>
   </div>
   <div class='ocr_carea' id='block_1_105' title="bbox 323 5459 1984 5534">
    <p class='ocr_par' dir='ltr' id='par_1_105' title="bbox 323 5459 1984 5534">
     <span class='ocr_line' id='line_1_106' title="bbox 323 5459 1984 5534; baseline 0.004 -21"><span class='ocrx_word' id='word_1_750' title='bbox 323 5459 522 5534; x_wconf 78' lang='lat' dir='ltr'>ptores</span> <span class='ocrx_word' id='word_1_751' title='bbox 546 5459 816 5534; x_wconf 78' lang='lat' dir='ltr'>plurimi.</span> <span class='ocrx_word' id='word_1_752' title='bbox 845 5459 1157 5534; x_wconf 80' lang='lat' dir='ltr'>Eusebium</span> <span class='ocrx_word' id='word_1_753' title='bbox 1191 5465 1386 5517; x_wconf 89' lang='lat' dir='ltr'>autem</span> <span class='ocrx_word' id='word_1_754' title='bbox 1421 5461 1598 5534; x_wconf 85' lang='lat' dir='ltr'>istum</span> <span class='ocrx_word' id='word_1_755' title='bbox 1649 5464 1984 5534; x_wconf 67' lang='lat' dir='ltr'>praefectum</span> 
     </span>
    </p>
   </div>
   <div class='ocr_carea' id='block_1_106' title="bbox 323 5531 1984 5608">
    <p class='ocr_par' dir='ltr' id='par_1_106' title="bbox 323 5531 1984 5608">
     <span class='ocr_line' id='line_1_107' title="bbox 323 5531 1984 5608; baseline 0.004 -22"><span class='ocrx_word' id='word_1_756' title='bbox 323 5531 584 5608; x_wconf 77' lang='lat' dir='ltr'>cubiculi</span> <span class='ocrx_word' id='word_1_757' title='bbox 619 5541 907 5608; x_wconf 73' lang='lat' dir='ltr'>memorat</span> <span class='ocrx_word' id='word_1_758' title='bbox 937 5531 1700 5608; x_wconf 63' lang='lat' dir='ltr'>Ammianusll-Iarcelliuus,</span> <span class='ocrx_word' id='word_1_759' title='bbox 1735 5535 1834 5591; x_wconf 89' lang='lat' dir='ltr'>lib.</span> <span class='ocrx_word' id='word_1_760' title='bbox 1873 5555 1984 5608; x_wconf 81' lang='lat' dir='ltr'>xw,</span> 
     </span>
    </p>
   </div>
   <div class='ocr_carea' id='block_1_107' title="bbox 326 5604 1986 5687">
    <p class='ocr_par' dir='ltr' id='par_1_107' title="bbox 326 5604 1986 5687">
     <span class='ocr_line' id='line_1_108' title="bbox 326 5604 1986 5687; baseline 0.004 -30"><span class='ocrx_word' id='word_1_761' title='bbox 326 5619 455 5684; x_wconf 78' lang='lat' dir='ltr'>cap.</span> <span class='ocrx_word' id='word_1_762' title='bbox 495 5605 580 5669; x_wconf 90' lang='grc'>11,</span> <span class='ocrx_word' id='word_1_763' title='bbox 619 5604 720 5660; x_wconf 91' lang='lat' dir='ltr'>lib.</span> <span class='ocrx_word' id='word_1_764' title='bbox 745 5623 984 5687; x_wconf 41' lang='lat' dir='ltr'>xv,&#39;cqp.</span> <span class='ocrx_word' id='word_1_765' title='bbox 1021 5608 1072 5674; x_wconf 81' lang='lat'>3,</span> <span class='ocrx_word' id='word_1_766' title='bbox 1101 5612 1163 5686; x_wconf 38' lang='lat' dir='ltr'>.et</span> <span class='ocrx_word' id='word_1_767' title='bbox 1196 5605 1354 5687; x_wconf 80' lang='lat' dir='ltr'>alibi.</span> <span class='ocrx_word' id='word_1_768' title='bbox 1411 5605 1633 5687; x_wconf 40' lang='lat' dir='ltr'>Aitque.</span> <span class='ocrx_word' id='word_1_769' title='bbox 1679 5607 1803 5687; x_wconf 77' lang='lat' dir='ltr'>ipse</span> <span class='ocrx_word' id='word_1_770' title='bbox 1844 5604 1986 5687; x_wconf 57' lang='lat' dir='ltr'>Am;</span> 
     </span>
    </p>
   </div>
   <div class='ocr_carea' id='block_1_108' title="bbox 327 5676 1984 5748">
    <p class='ocr_par' dir='ltr' id='par_1_108' title="bbox 327 5676 1984 5748">
     <span class='ocr_line' id='line_1_109' title="bbox 327 5676 1984 5748; baseline 0.004 -18"><span class='ocrx_word' id='word_1_771' title='bbox 327 5676 570 5730; x_wconf 89' lang='lat' dir='ltr'>mianus</span> <span class='ocrx_word' id='word_1_772' title='bbox 602 5693 735 5731; x_wconf 89' lang='lat' dir='ltr'>eum</span> <span class='ocrx_word' id='word_1_773' title='bbox 773 5695 805 5730; x_wconf 94' lang='lat' dir='ltr'>u</span> <span class='ocrx_word' id='word_1_774' title='bbox 829 5676 1064 5732; x_wconf 86' lang='lat' dir='ltr'>Juliano</span> <span class='ocrx_word' id='word_1_775' title='bbox 1098 5678 1445 5748; x_wconf 85' lang='lat' dir='ltr'>imperatore</span> <span class='ocrx_word' id='word_1_776' title='bbox 1467 5676 1634 5730; x_wconf 90' lang='lat' dir='ltr'>morti</span> <span class='ocrx_word' id='word_1_777' title='bbox 1659 5676 1984 5748; x_wconf 77' lang='lat' dir='ltr'>addictum,</span> 
     </span>
    </p>
   </div>
   <div class='ocr_carea' id='block_1_109' title="bbox 327 5746 1986 5822">
    <p class='ocr_par' dir='ltr' id='par_1_109' title="bbox 327 5746 1986 5822">
     <span class='ocr_line' id='line_1_110' title="bbox 327 5746 1986 5822; baseline 0.001 -14"><span class='ocrx_word' id='word_1_778' title='bbox 327 5751 508 5822; x_wconf 81' lang='lat' dir='ltr'>atque</span> <span class='ocrx_word' id='word_1_779' title='bbox 539 5748 612 5805; x_wconf 90' lang='lat' dir='ltr'>ab</span> <span class='ocrx_word' id='word_1_780' title='bbox 643 5749 916 5804; x_wconf 82' lang='lat' dir='ltr'>Adrastia</span> <span class='ocrx_word' id='word_1_781' title='bbox 946 5746 1200 5805; x_wconf 79' lang='lat' dir='ltr'>muliere</span> <span class='ocrx_word' id='word_1_782' title='bbox 1221 5746 1884 5821; x_wconf 80' lang='lat' dir='ltr'>praecipitatum&#39;fuisse,</span> <span class='ocrx_word' id='word_1_783' title='bbox 1919 5746 1986 5810; x_wconf 57' lang='lat' dir='ltr'>lié</span> 
     </span>
    </p>
   </div>
   <div class='ocr_carea' id='block_1_110' title="bbox 672 5874 1328 5963">
    <p class='ocr_par' dir='ltr' id='par_1_110' title="bbox 672 5874 1328 5963">
     <span class='ocr_line' id='line_1_111' title="bbox 672 5874 1328 5963; baseline 0.003 -25"><span class='ocrx_word' id='word_1_784' title='bbox 672 5875 937 5963; x_wconf 58' lang='lat' dir='ltr'>Parnm&quot;</span> <span class='ocrx_word' id='word_1_785' title='bbox 981 5875 1094 5943; x_wconf 78' lang='lat' dir='ltr'>Gn.</span> <span class='ocrx_word' id='word_1_786' title='bbox 1139 5874 1328 5962; x_wconf 65' lang='lat' dir='ltr'>XXV,</span> 
     </span>
    </p>
   </div>
   <div class='ocr_carea' id='block_1_111' title="bbox 2093 4778 3748 4853">
    <p class='ocr_par' dir='ltr' id='par_1_111' title="bbox 2093 4778 3748 4853">
     <span class='ocr_line' id='line_1_112' title="bbox 2093 4778 3748 4853; baseline -0.004 -13"><span class='ocrx_word' id='word_1_787' title='bbox 2093 4786 2150 4840; x_wconf 90' lang='lat' dir='ltr'>in</span> <span class='ocrx_word' id='word_1_788' title='bbox 2183 4784 2314 4839; x_wconf 88' lang='lat' dir='ltr'>aliis</span> <span class='ocrx_word' id='word_1_789' title='bbox 2338 4781 2844 4853; x_wconf 87' lang='lat' dir='ltr'>impediant),illos</span> <span class='ocrx_word' id='word_1_790' title='bbox 2875 4782 3141 4852; x_wconf 91' lang='lat' dir='ltr'>inquam,</span> <span class='ocrx_word' id='word_1_791' title='bbox 3174 4778 3584 4836; x_wconf 89' lang='lat' dir='ltr'>ecclesiasticis</span> <span class='ocrx_word' id='word_1_792' title='bbox 3617 4780 3748 4850; x_wconf 88' lang='lat' dir='ltr'>jam</span> 
     </span>
    </p>
   </div>
   <div class='ocr_carea' id='block_1_112' title="bbox 2093 4868 3744 4944">
    <p class='ocr_par' dir='ltr' id='par_1_112' title="bbox 2093 4868 3744 4944">
     <span class='ocr_line' id='line_1_113' title="bbox 2093 4868 3744 4944; baseline -0.005 -14"><span class='ocrx_word' id='word_1_793' title='bbox 2093 4875 2266 4930; x_wconf 89' lang='lat' dir='ltr'>rebus</span> <span class='ocrx_word' id='word_1_794' title='bbox 2299 4873 2611 4944; x_wconf 87' lang='lat' dir='ltr'>imperare,</span> <span class='ocrx_word' id='word_1_795' title='bbox 2663 4871 3188 4942; x_wconf 82' lang='lat' dir='ltr'>Constantiumque</span> <span class='ocrx_word' id='word_1_796' title='bbox 3246 4869 3366 4925; x_wconf 90' lang='lat' dir='ltr'>illis</span> <span class='ocrx_word' id='word_1_797' title='bbox 3414 4868 3744 4938; x_wconf 85' lang='lat' dir='ltr'>subditum,</span> 
     </span>
    </p>
   </div>
   <div class='ocr_carea' id='block_1_113' title="bbox 2092 4955 3749 5033">
    <p class='ocr_par' dir='ltr' id='par_1_113' title="bbox 2092 4955 3749 5033">
     <span class='ocr_line' id='line_1_114' title="bbox 2092 4955 3749 5033; baseline -0.005 -14"><span class='ocrx_word' id='word_1_798' title='bbox 2092 4964 2338 5019; x_wconf 88' lang='lat' dir='ltr'>insidias</span> <span class='ocrx_word' id='word_1_799' title='bbox 2370 4961 2428 5016; x_wconf 91' lang='lat' dir='ltr'>in</span> <span class='ocrx_word' id='word_1_800' title='bbox 2460 4978 2664 5017; x_wconf 90' lang='lat' dir='ltr'>omnes</span> <span class='ocrx_word' id='word_1_801' title='bbox 2694 4977 2950 5033; x_wconf 85' lang='lat' dir='ltr'>parasse,</span> <span class='ocrx_word' id='word_1_802' title='bbox 2975 4963 3149 5032; x_wconf 86' lang='lat' dir='ltr'>atque</span> <span class='ocrx_word' id='word_1_803' title='bbox 3180 4957 3474 5015; x_wconf 90' lang='lat' dir='ltr'>Liberium</span> <span class='ocrx_word' id='word_1_804' title='bbox 3505 4957 3565 5012; x_wconf 90' lang='lat' dir='ltr'>in</span> <span class='ocrx_word' id='word_1_805' title='bbox 3597 4955 3749 5013; x_wconf 78' lang='lat' dir='ltr'>exsi-</span> 
     </span>
    </p>
   </div>
   <div class='ocr_carea' id='block_1_114' title="bbox 2093 5051 2550 5108">
    <p class='ocr_par' dir='ltr' id='par_1_114' title="bbox 2093 5051 2550 5108">
     <span class='ocr_line' id='line_1_115' title="bbox 2093 5051 2550 5108; baseline -0.009 0"><span class='ocrx_word' id='word_1_806' title='bbox 2093 5053 2237 5108; x_wconf 92' lang='lat' dir='ltr'>lium</span> <span class='ocrx_word' id='word_1_807' title='bbox 2271 5051 2502 5106; x_wconf 89' lang='lat' dir='ltr'>misisse</span> <span class='ocrx_word' id='word_1_808' title='bbox 2524 5051 2550 5104; x_wconf 85' lang='lat'><strong><em>?</em></strong></span> 
     </span>
    </p>
   </div>
   <div class='ocr_carea' id='block_1_115' title="bbox 2165 5135 3747 5208">
    <p class='ocr_par' dir='ltr' id='par_1_115' title="bbox 2165 5135 3747 5208">
     <span class='ocr_line' id='line_1_116' title="bbox 2165 5135 3747 5208; baseline -0.002 -13"><span class='ocrx_word' id='word_1_809' title='bbox 2165 5143 2254 5196; x_wconf 82' lang='lat'>39.</span> <span class='ocrx_word' id='word_1_810' title='bbox 2287 5141 2598 5208; x_wconf 84' lang='lat' dir='ltr'>Nam,cum</span> <span class='ocrx_word' id='word_1_811' title='bbox 2631 5139 2856 5195; x_wconf 90' lang='lat' dir='ltr'>multus</span> <span class='ocrx_word' id='word_1_812' title='bbox 2886 5143 3042 5196; x_wconf 88' lang='lat' dir='ltr'>esset</span> <span class='ocrx_word' id='word_1_813' title='bbox 3071 5138 3168 5193; x_wconf 92' lang='lat' dir='ltr'>ille</span> <span class='ocrx_word' id='word_1_814' title='bbox 3201 5137 3259 5192; x_wconf 90' lang='lat' dir='ltr'>in</span> <span class='ocrx_word' id='word_1_815' title='bbox 3293 5136 3604 5194; x_wconf 89' lang='lat' dir='ltr'>scribendo</span> <span class='ocrx_word' id='word_1_816' title='bbox 3634 5135 3747 5192; x_wconf 82' lang='lat' dir='ltr'>Ro-</span> 
     </span>
    </p>
   </div>
   <div class='ocr_carea' id='block_1_116' title="bbox 2096 5390 2666 5462">
    <p class='ocr_par' dir='ltr' id='par_1_116' title="bbox 2096 5390 2666 5462">
     <span class='ocr_line' id='line_1_117' title="bbox 2096 5390 2666 5462; baseline -0.002 -13"><span class='ocrx_word' id='word_1_817' title='bbox 2096 5396 2199 5449; x_wconf 89' lang='lat' dir='ltr'>bro</span> <span class='ocrx_word' id='word_1_818' title='bbox 2230 5410 2368 5457; x_wconf 80' lang='lat' dir='ltr'>xxn,</span> <span class='ocrx_word' id='word_1_819' title='bbox 2397 5390 2584 5462; x_wconf 86' lang='lat' dir='ltr'>capite</span> <span class='ocrx_word' id='word_1_820' title='bbox 2615 5391 2666 5448; x_wconf 85' lang='grc'><strong>4.</strong></span> 
     </span>
    </p>
   </div>
   <div class='ocr_carea' id='block_1_117' title="bbox 2167 5462 3023 5535">
    <p class='ocr_par' dir='ltr' id='par_1_117' title="bbox 2167 5462 3023 5535">
     <span class='ocr_line' id='line_1_118' title="bbox 2167 5462 3023 5535; baseline -0.005 -16"><span class='ocrx_word' id='word_1_821' title='bbox 2167 5468 2278 5535; x_wconf 69' lang='grc'>(42)</span> <span class='ocrx_word' id='word_1_822' title='bbox 2304 5465 2441 5534; x_wconf 72' lang='lat' dir='ltr'>Reg.</span> <span class='ocrx_word' id='word_1_823' title='bbox 2465 5462 2715 5535; x_wconf 75' lang='grc' dir='ltr'>κόμιτες,</span> <span class='ocrx_word' id='word_1_824' title='bbox 2741 5463 2811 5516; x_wconf 91' lang='lat' dir='ltr'>de</span> <span class='ocrx_word' id='word_1_825' title='bbox 2844 5479 3023 5517; x_wconf 89' lang='lat' dir='ltr'>more.</span> 
     </span>
    </p>
   </div>
   <div class='ocr_carea' id='block_1_118' title="bbox 2168 5533 2772 5606">
    <p class='ocr_par' dir='ltr' id='par_1_118' title="bbox 2168 5533 2772 5606">
     <span class='ocr_line' id='line_1_119' title="bbox 2168 5533 2772 5606; baseline -0.008 -17"><span class='ocrx_word' id='word_1_826' title='bbox 2168 5533 2278 5606; x_wconf 60' lang='grc'>(43)</span> <span class='ocrx_word' id='word_1_827' title='bbox 2315 5533 2474 5604; x_wconf 52' lang='lat' dir='ltr'>Reg,</span> <span class='ocrx_word' id='word_1_828' title='bbox 2510 5533 2772 5606; x_wconf 69' lang='grc' dir='ltr'>οίκιακας,</span> 
     </span>
    </p>
   </div>
   <div class='ocr_carea' id='block_1_119' title="bbox 2168 5597 3746 5680">
    <p class='ocr_par' dir='ltr' id='par_1_119' title="bbox 2168 5597 3746 5680">
     <span class='ocr_line' id='line_1_120' title="bbox 2168 5597 3746 5680; baseline -0.005 -18"><span class='ocrx_word' id='word_1_829' title='bbox 2168 5597 2279 5680; x_wconf 68' lang='grc'>(44)</span> <span class='ocrx_word' id='word_1_830' title='bbox 2359 5597 2526 5673; x_wconf 71' lang='lat' dir='ltr'>Editi,</span> <span class='ocrx_word' id='word_1_831' title='bbox 2604 5597 2964 5672; x_wconf 46' lang='lat' dir='ltr'>’lixxxnsiﬁw.</span> <span class='ocrx_word' id='word_1_832' title='bbox 3043 5604 3180 5680; x_wconf 58' lang='grc' dir='ltr'>[ἷξε.</span> <span class='ocrx_word' id='word_1_833' title='bbox 3258 5597 3746 5680; x_wconf 56' lang='grc' dir='ltr'>ἐκκλτισιασςτικῶν,</span> 
     </span>
    </p>
   </div>
   <div class='ocr_carea' id='block_1_120' title="bbox 2098 5619 3755 5750">
    <p class='ocr_par' dir='ltr' id='par_1_120' title="bbox 2098 5619 3755 5750">
     <span class='ocr_line' id='line_1_121' title="bbox 2168 5619 3746 5729; baseline -0.005 -67"><span class='ocrx_word' id='word_1_834' title='bbox 2168 5619 2279 5680; x_wconf 68' lang='grc'>(44)</span> <span class='ocrx_word' id='word_1_835' title='bbox 2359 5619 2526 5673; x_wconf 70' lang='lat' dir='ltr'>rzditi,</span> <span class='ocrx_word' id='word_1_836' title='bbox 2609 5619 2964 5672; x_wconf 75' lang='grc' dir='ltr'>ἰ·.κκλησιων.</span> <span class='ocrx_word' id='word_1_837' title='bbox 3043 5619 3180 5729; x_wconf 60' lang='lat' dir='ltr'>urg.</span> <span class='ocrx_word' id='word_1_838' title='bbox 3258 5619 3746 5672; x_wconf 83' lang='grc' dir='ltr'>εκκΛησιαστικων,</span> 
     </span>
     <span class='ocr_line' id='line_1_122' title="bbox 2098 5673 3755 5750; baseline -0.002 -16"><span class='ocrx_word' id='word_1_839' title='bbox 2098 5695 2431 5750; x_wconf 69' lang='grc' dir='ltr'>(ιυειῐηοεεο</span> <span class='ocrx_word' id='word_1_840' title='bbox 2449 5695 2640 5732; x_wconf 81' lang='lat' dir='ltr'>veram</span> <span class='ocrx_word' id='word_1_841' title='bbox 2674 5677 2981 5750; x_wconf 79' lang='lat' dir='ltr'>lectionem</span> <span class='ocrx_word' id='word_1_842' title='bbox 3013 5694 3120 5731; x_wconf 87' lang='lat' dir='ltr'>sua</span> <span class='ocrx_word' id='word_1_843' title='bbox 3164 5680 3261 5750; x_wconf 80' lang='lat' dir='ltr'>ent</span> <span class='ocrx_word' id='word_1_844' title='bbox 3281 5676 3400 5730; x_wconf 72' lang='lat' dir='ltr'>haec</span> <span class='ocrx_word' id='word_1_845' title='bbox 3425 5673 3599 5748; x_wconf 89' lang='lat' dir='ltr'>paulo</span> <span class='ocrx_word' id='word_1_846' title='bbox 3622 5677 3755 5731; x_wconf 84' lang='lat' dir='ltr'>ante</span> 
     </span>
    </p>
   </div>
   <div class='ocr_carea' id='block_1_121' title="bbox 2097 5745 3340 5830">
    <p class='ocr_par' dir='ltr' id='par_1_121' title="bbox 2097 5745 3340 5830">
     <span class='ocr_line' id='line_1_123' title="bbox 2097 5745 3340 5830; baseline -0.006 -20"><span class='ocrx_word' id='word_1_847' title='bbox 2097 5745 2254 5809; x_wconf 75' lang='lat' dir='ltr'>dicta</span> <span class='ocrx_word' id='word_1_848' title='bbox 2285 5749 2748 5825; x_wconf 70' lang='grc' dir='ltr'>ὲκκλησιαστικῶν</span> <span class='ocrx_word' id='word_1_849' title='bbox 2782 5747 3064 5830; x_wconf 74' lang='grc' dir='ltr'>χριμάτων</span> <span class='ocrx_word' id='word_1_850' title='bbox 3097 5745 3340 5827; x_wconf 82' lang='grc' dir='ltr'>κυρίους.</span> 
     </span>
    </p>
   </div>
   <div class='ocr_carea' id='block_1_122' title="bbox 3359 5877 3440 5950">
    <p class='ocr_par' dir='ltr' id='par_1_122' title="bbox 3359 5877 3440 5950">
     <span class='ocr_line' id='line_1_124' title="bbox 3359 5877 3440 5950; baseline 0.025 -2"><span class='ocrx_word' id='word_1_851' title='bbox 3359 5877 3440 5950; x_wconf 64' lang='grc' dir='ltr'>ει</span> 
     </span>
    </p>
   </div>
  </div>
