4132 6428
379 456 501 529 739

917 464 987 528 S.
1031 462 1467 530 ATHANASII
1509 464 1685 529 OPP.
1729 461 1929 527 PABS
1971 458 2022 523 Ι.
2053 490 2133 509 -
2164 458 2585 526 HISTORIGA
2628 462 2730 528 ET
2772 460 3262 530 DOGMATICA.

3675 452 3801 524 ’140

386 614 711 667 mam,cum
730 598 1511 675 minasintentaret,legatos
1559 599 1834 667 mitteret,
1893 596 2033 653 insi-

2156 590 2406 665 ἰιπειλῶν,
2467 591 2841 668 ἀποστέλλων,
2903 590 3296 666 ἐπιϐουλεύων,
3352 590 3546 650 λοιπὸν
3593 591 3653 649 δὲ
3683 592 3801 669 ἔγε-

387 688 637 761 diasque
664 692 919 762 pararet,
943 690 1183 747 demum
1214 691 1367 747 facta
1386 694 1477 747 est
1504 688 1897 746 Alexandrina
1918 704 2041 760 per-

391 776 651 835 secutio:
711 776 1098 852 Liberiusque
1143 780 1215 835 ad
1272 780 1684 853 imperatorem
1737 777 2035 834 trahitur:

392 864 698 940 multaque
726 865 828 923 ille
849 885 994 925 usus
1019 868 1294 941 loquendi
1327 869 1564 939 ﬁducia,
1584 868 1817 935 Desine,
1848 868 2044 939 inquit

393 954 754 1013 Christianos
784 957 1093 1030 persequi:
1129 975 1203 1015 ne
1232 963 1433 1014 nostra
1461 974 1637 1030 opera
1666 958 1895 1014 coneris
1927 956 2039 1013 im-

394 1044 673 1117 pietatem
701 1043 1070 1102 introducere
1099 1047 1158 1102 in
1189 1048 1530 1103 Ecclesiam.
1556 1048 1777 1104 Sumus
1798 1064 1938 1104 sane
1968 1048 2041 1103 ad

393 1131 595 1189 omnia
612 1132 917 1191 toleranda
970 1135 1178 1208 parati,
1239 1138 1615 1209 potiusquam
1670 1137 2041 1194 Ariomanitaa

394 1220 708 1279 audiamus
741 1240 757 1279 :
787 1226 861 1280 ne
890 1240 1018 1293 nos,
1052 1227 1153 1297 qui
1210 1226 1524 1283 Christiani
1580 1242 1810 1295 sumus,
1869 1243 2044 1299 cogas

392 1309 955 1385 Christomachos,id
985 1319 1094 1386 est,
1117 1314 1348 1372 Christo
1369 1315 1641 1373 inimicos
1688 1316 1860 1372 efﬁci.
1923 1316 2043 1372 Hu-

383 1400 489 1472 jus
518 1416 753 1473 quoque
771 1401 877 1458 tibi
902 1402 1131 1460 consilii
1156 1409 1425 1463 auctores
1449 1421 1677 1475 sumus,
1702 1422 1775 1461 ne
1822 1421 2047 1479 pugnes

386 1505 527 1546 cum
558 1505 625 1546 eo
654 1491 757 1563 qui
787 1490 899 1549 hoc
925 1492 1033 1549 tibi
1063 1493 1376 1566 imperinm
1431 1495 1673 1552 tradidit
1705 1514 1718 1552 :
1771 1512 1884 1552 neu
1939 1512 2044 1569 pro

391 1579 717 1652 gratiarum
743 1581 970 1638 actione
1001 1583 1363 1655 impietatem
1393 1584 1478 1640 illi
1508 1586 1725 1643 referas
1760 1603 1772 1642 :
1808 1603 1880 1643 ne
1919 1603 2045 1660 per-

358 1660 361 1663 λ
393 1683 643 1740 sequare
671 1668 805 1727 illos
834 1672 937 1744 qui
968 1672 1215 1729 credunt
1244 1673 1305 1729 in
1336 1690 1574 1741 eum,ne
1598 1679 1659 1730 tu
1678 1691 1913 1748 quoque
1944 1692 2045 1733 au-

393 1756 521 1814 dias
553 1773 567 1814 :
601 1763 815 1816 Durum
840 1762 1050 1818 esttibi
1075 1771 1268 1819 contra
1304 1765 1596 1820 stimulum
1650 1766 1941 1821 calcitrare
1974 1767 2040 1820 η.

393 1844 507 1903 Sed
537 1847 768 1905 utinam
791 1850 1180 1921 auscultes,ut
1197 1855 1257 1909 tu
1282 1855 2042 1926 quoque,quemadmodum

2148 681 2295 757 γόνει
2323 684 2413 738 καὶ
2445 685 2472 739 6
2513 686 2650 740 κατὰ
2695 681 3099 759 Ἀλεξάνδρειαν
3152 680 3420 759 διωγμός·
3478 684 3593 759 (45)
3645 680 3800 739 ἕλκε-

2146 792 2234 826 ται
2263 772 2353 827 καὶ
2384 768 2639 849 Λιϐέριος
2690 775 2827 850 πρὸς
2880 771 3125 855 βασιλέα,
3175 774 3266 828 καὶ
3313 774 3451 848 πρὸς
3488 770 3679 847 πολλῇ
3709 772 3801 829 καὶ

2151 861 2310 925 αὐτὸς
2344 858 2628 939 ’κέχρηται
2680 866 2792 938 (46)
2834 867 2902 938 τῇ
2950 862 3248 940 παρῥησίᾳ,
3307 867 3537 934 Παῦσαι,
3596 860 3800 938 λέγων,

2153 949 2364 1007 διώκων
2416 952 2767 1029 Χριστιανούς
2804 972 2815 983 ·
2855 954 2929 1025 μὴ
2977 952 3200 1027 πείραζε
3257 949 3328 1007 δι’
3382 954 3545 1026 ἡμῶν
3599 952 3802 1023 εἷσάξαι

2148 1042 2248 1110 τήν
2297 1037 2538 1097 ἀσέϐειαν
2595 1042 2672 1105 εἷς
2718 1044 2816 1111 τὴν
2873 1040 3220 1112 Ἐκκλησίαν.
3280 1042 3464 1097 Πάντα
3511 1042 3801 1115 ὑπομένειν

2154 1128 2312 1204 ἐσμὲν
2362 1128 2599 1206 ἕτοιμοι,
2645 1132 2680 1201 ἢ
2731 1134 3135 1208 Ἀρειομανῖται
3179 1128 3455 1202 κληθῆναι
3504 1132 3639 1205 (47).
3672 1136 3802 1208 Χρι-

2153 1219 2401 1283 στιανοὺς
2432 1216 2591 1284 ὄντας
2623 1224 2772 1295 ἡμᾶς
2819 1222 2895 1294 μὴ
2948 1220 3213 1295 ἀνάγκαζε
3256 1221 3677 1297 Χριστομάχους
3708 1240 3801 1296 γε-

2153 1311 2352 1369 νέσθαι.
2407 1315 2576 1365 Τοῦτο
2632 1310 2722 1365 καὶ
2786 1309 2869 1365 σοὶ
2924 1304 3373 1383 συμϐουλεύομεν
3411 1329 3424 1342 ’
3475 1310 3552 1383 μὴ
3619 1310 3801 1386 μάχου

2152 1400 2291 1474 πρὸς
2319 1400 2410 1455 τὸν
2443 1398 2717 1455 δεδωκότα
2768 1420 2854 1454 σοι
2898 1400 2998 1468 τὴν
3054 1398 3233 1474 ἀρχὴν
3286 1398 3489 1470 ταύτην
3525 1420 3539 1434 θ
3568 1400 3644 1472 μὴ
3691 1399 3804 1455 ἀντ’

2155 1488 2500 1566 εὐχαριστίας
2550 1484 2819 1563 ἀσεϐήσῃς
2868 1488 2945 1550 εἰς
2994 1487 3153 1543 αὐτόν
3190 1509 3201 1520 ·
3242 1489 3317 1561 μὴ
3352 1483 3516 1544 δίωκε
3551 1488 3682 1551 τοὺς
3710 1510 3802 1545 πι-

2153 1578 2436 1641 στεύοντας
2488 1578 2562 1641 εἷς
2602 1578 2784 1649 αὐτὸν,
2849 1578 2925 1651 μὴ
2967 1576 3199 1650 ἀκούσῃς
3251 1576 3343 1632 καὶ
3401 1576 3465 1631 σύ
3499 1596 3512 1609 ο
3547 1574 3801 1654 Σκληρόν

2154 1690 2239 1724 σοι
2294 1669 2432 1746 πρὸς
2488 1670 2684 1743 κέντρα
2730 1665 3000 1737 λακτίζειν
3037 1711 3050 1724 ,
3093 1664 3260 1721 -Ἀλλ’
3326 1662 3434 1722 εἴθε
3485 1665 3581 1723 κᾶν
3640 1666 3806 1722 ἀκού-

2154 1780 2268 1831 σῃς,
2295 1756 2388 1812 ’ίνα
2432 1757 2522 1812 καὶ
2574 1756 2637 1812 σὺ
2685 1758 2932 1831 πεισθῇς,
2980 1756 3057 1818 ὡς
3089 1756 3118 1810 6
3149 1756 3304 1831 ἅγιος
3348 1753 3568 1819 Παῦλος
3596 1801 3612 1815 .
3662 1754 3804 1812 Ἰδοὺ

2150 1848 2448 1921 πάρεσμεν,
2505 1843 2750 1919 ἤλθομεν
2808 1845 2932 1919 πρὶν
2990 1842 3308 1899 πλάσωνται
3364 1844 3630 1922 πρόφασιν
3667 1864 3681 1878 ’
3715 1842 3807 1900 διὰ

391 1934 602 1993 beatus
632 1937 848 1995 Paulus
878 1940 1266 2013 obtemperes.
1299 1942 1441 1998 Ecce
1472 1943 2041 2011 adsumus,accessi-

2156 1941 2311 1991 τοῦτο
2367 1936 2472 2011 γὰρ
2521 1934 2611 1989 καὶ
2668 1932 3023 2007 ἐσπεύσαμεν,
3082 1929 3315 2001 εἰδότες,
3374 1932 3457 1988 ὅτι
3517 1932 3804 2010 ἐξορισμὸς

390 2040 526 2081 mus
543 2026 888 2099 priusquam
908 2026 993 2084 illi
1005 2029 1472 2087 criminationem
1494 2033 2040 2089 comminiscentur.

396 2114 532 2171 Ideo
561 2116 1202 2192 properavimus,gnari
1232 2120 1402 2177 nobis
1434 2138 1468 2177 a
1495 2125 1554 2177 te
1582 2123 2041 2195 exspectandum

391 2200 665 2261 exsilium
706 2222 859 2276 esse,
915 2211 981 2263 ut
1028 2212 1161 2264 ante
1199 2210 1506 2266 conﬁctam
1570 2211 2039 2269 criminationem

389 2291 708 2364 patiamur,
737 2296 1131 2369 omnibusque
1160 2298 1464 2372 propalam
1486 2300 1585 2367 sit,
1635 2300 1781 2357 alias
1837 2318 2042 2358 omnes

386 2381 592 2439 eadem
622 2399 736 2454 qua
765 2401 873 2441 nos
901 2387 1126 2443 ratione
1157 2404 1465 2460 perpessos
1507 2405 1656 2460 esse,
1712 2388 2040 2463 allatasque

387 2470 669 2528 adversus
697 2471 831 2531 illos
861 2474 1319 2548 criminationes,
1346 2478 1628 2535 conﬁctas
1658 2480 1730 2536 ab
1784 2480 2042 2537 inimicis

386 2558 573 2619 fuisse
600 2579 616 2621 :
645 2578 900 2634 quorum
929 2565 1130 2622 omnia
1158 2565 1334 2635 dicta,
1365 2566 1514 2623 nihil
1544 2568 1660 2625 nisi
1707 2568 2037 2641 calumniae,

388 2648 537 2709 nihil
555 2650 671 2709 nisi
700 2652 1008 2710 mendacia
1026 2655 1208 2711 fuere.

461 2740 552 2795 40.
602 2744 689 2799 Ita
727 2740 962 2798 locutus
1017 2743 1283 2800 Liberius
1331 2746 1609 2802 omnibus
1665 2747 2040 2804 admirationi

389 2828 539 2898 fuit;
573 2833 634 2886 at
661 2828 762 2886 ille
791 2830 1023 2887 nullum
1053 2831 1212 2888 aliud
1240 2848 1591 2906 responsum
1626 2835 1807 2905 dedit,
1864 2854 2041 2909 quam

392 2919 549 2990 quod
573 2918 758 2990 jussit
782 2918 952 2976 illum
983 2921 1138 2976 mitti
1160 2922 1219 2977 in
1255 2922 1527 2979 exsilium
1570 2941 1583 2980 :
1635 2924 2041 2999 singulosque,

391 3010 459 3063 ut
486 3011 658 3064 antea
686 3008 999 3080 fecerat,ab
1019 3009 1268 3067 invicem
1300 3012 1604 3084 disjunxit.
1639 3014 1823 3078 Quam
1854 3014 2042 3071 exsilii

390 3096 678 3153 rationem
708 3097 1004 3155 adinvenit
1035 3099 1208 3172 ipse;
1261 3104 1326 3156 ut
1369 3101 1430 3156 in
1478 3102 1667 3174 poenis
1713 3102 2043 3177 irrogandis

396 3183 696 3258 prioribus
725 3186 1017 3244 crudelior
1027 3189 1295 3261 tyrannis
1307 3193 1364 3246 et
1377 3192 1847 3262 persecutoribus
1864 3196 2038 3249 esset.

389 3273 540 3331 Nam
569 3274 630 3331 in
661 3275 948 3349 superiori
976 3276 1402 3348 persecutione,
1435 3278 1634 3352 plures
1657 3298 1776 3337 una
1823 3282 2044 3339 confes-

391 3379 554 3420 sores
582 3364 828 3437 relegari
850 3365 1033 3438 jussit
1061 3366 1472 3437 Maximianus,
1496 3385 1563 3425 ac
1609 3386 1714 3442 per
1768 3371 2045 3427 consortii

391 3451 852 3511 consolationem
881 3472 1116 3528 poenam
1138 3456 1448 3529 mitigavit.
1472 3460 1541 3514 At
1568 3457 1664 3514 hic
1721 3458 1892 3533 longe
1945 3460 2045 3518 illo

389 3541 867 3612 crudelior,viros
894 3543 956 3600 in
987 3544 1265 3618 loquendi
1298 3545 1766 3621 libertate,atque
1787 3550 1846 3605 in
1906 3567 2042 3607 con-

391 3630 651 3689 fessione
683 3633 874 3691 socios
899 3634 972 3690 ab
1004 3634 1254 3691 invicem
1284 3637 1550 3705 semovit,
1582 3637 1714 3694 illos
1759 3638 2049 3710 disjunxit

392 3721 496 3796 qui
524 3722 640 3779 ﬁde
669 3722 927 3796 copulati
946 3727 1134 3794 erant,
1168 3728 1234 3780 ut
1263 3741 1334 3782 ne
1364 3724 1452 3783 vel
1482 3726 1545 3783 in
1597 3733 1785 3785 morte
1826 3734 2046 3786 .mutuo

390 3812 735 3870 fruerentur
762 3817 1024 3886 aspectu,
1055 3814 1199 3872 ratis
1238 3816 1499 3888 corporis
1553 3818 2043 3892 segregationem,

389 3903 599 3961 anima:
629 3920 865 3976 quoque
882 3903 1159 3961 affectum
1191 3905 1550 3979 disjungere,
1574 3912 1674 3964 aut
1702 3907 1834 3964 illos
1892 3909 2046 3966 invi-

418 4007 514 4049 em
539 3993 838 4065 sejunctos
867 3994 1189 4050 concordiae
1219 3997 1277 4051 et
1318 3996 1699 4053 unanimiati's
1738 3998 2043 4057 oblituros.

395 4080 634 4155 Ignorat
661 4082 903 4152 scilicet,
937 4083 1168 4140 etiamsi
1216 4083 1434 4157 singuli
1491 4101 1758 4143 seorsum
1808 4089 2045 4162 degant,

404 4171 612 4228 adesse
654 4175 854 4228 tamen
905 4172 1223 4246 unicuique
1277 4173 1590 4231 Dominum
1670 4194 1843 4249 quem
1928 4197 2047 4236 una

395 4275 604 4318 omnes
636 4260 891 4318 confessi
917 4262 1184 4335 sunt,qui
1214 4261 1361 4320 illud
1392 4267 1614 4338 aget,ut
1642 4266 1829 4324 multo
1850 4268 2049 4341 plures

394 4349 647 4423 singulis
675 4350 876 4407 adsint
898 4353 989 4422 (nt
1017 4351 1158 4408 olim
1204 4352 1411 4410 Elissac
1467 4356 1762 4428 prophetae
1818 4359 2045 4430 praesti-

390 4439 463 4496 tit
490 4440 554 4513 ¹³)
601 4456 782 4513 quam
842 4440 964 4497 sint
1003 4458 1139 4498 cum
1195 4441 1537 4501 Constantio
1593 4446 1834 4504 milites.
1885 4447 2048 4506 Caeca

389 4528 565 4602 plane
592 4546 687 4588 res
714 4536 807 4587 est
851 4530 1121 4589 malitia:
1183 4533 1333 4589 291
1376 4533 1532 4590 dum
1581 4535 1742 4591 enim
1799 4552 1862 4593 se
1929 4555 2045 4611 pu-

386 4621 516 4674 tant
572 4619 935 4677 confessores
991 4620 1360 4689 contristare,
1411 4622 1512 4679 ubi
1577 4623 1712 4681 illos
1794 4625 2043 4684 invicem

2150 2027 2300 2099 ἡμᾶς
2337 2025 2484 2098 μένει
2511 2025 2659 2100 παρὰ
2706 2028 2823 2093 σοῦ,
2867 2021 2979 2096 ἵνα,
3029 2023 3157 2099 πρὶν
3187 2025 3300 2096 (48)
3350 2023 3673 2101 προφάσεως
3703 2020 3804 2080 πά-

2151 2117 2354 2189 θωμεν,
2386 2114 2476 2169 καὶ
2524 2120 2654 2168 πᾶσι
2704 2110 2897 2188 δειχθῇ
2947 2116 3213 2191 φανερῶς,
3265 2110 3347 2167 ὅτι
3395 2113 3486 2168 καὶ
3535 2114 3589 2168 οἱ
3638 2111 3803 2168 ἄλλοι

2150 2206 2348 2267 πάντες
2400 2202 2544 2258 οὕτω
2590 2202 2937 2274 πεπόνθασιν,
2989 2201 3065 2264 ὡς
3115 2204 3302 2275 ἡμεῖς,
3352 2201 3443 2257 καὶ
3489 2204 3544 2256 αἱ
3583 2200 3803 2280 λεχθεῖ-

2152 2316 2240 2349 σαι
2295 2294 2411 2349 κατ’
2468 2292 2643 2348 αὐτῶν
2719 2292 3015 2369 προφάσεις
3075 2289 3417 2362 έπλάσθησαν
3486 2293 3635 2370 παρὰ
3687 2296 3797 2348 τῶν

2152 2382 2389 2459 ἐχθρῶν,
2435 2381 2526 2437 καὶ
2573 2382 2747 2436 πάντα
2792 2381 2858 2435 τὰ
2902 2381 3018 2436 κατ’
3077 2378 3274 2441 αὐτούς
3320 2379 3431 2436 ἐστι
3476 2380 3804 2458 συκοφαντία

2149 2471 2239 2527 καὶ
2272 2469 2463 2547 ψευδῆ.

2222 2748 2309 2802 40.
2344 2744 2499 2799 Οὕτω
2535 2743 2628 2817 μὲν
2669 2738 2760 2797 οὖν
2794 2741 2823 2796 6
2853 2735 3109 2816 Λιϐέριος
3157 2738 3282 2794 τότε
3312 2739 3512 2815 λέγων,
3563 2737 3807 2814 ἐθαυμά-

2154 2840 2271 2905 ζετο
2299 2835 2447 2911 παρὰ
2474 2834 2688 2888 πάντων
2723 2850 2736 2863 ·
2773 2831 2802 2885 6
2834 2826 2914 2901 δὲ,
2964 2829 3081 2885 ἀντὶ
3128 2832 3224 2883 τοῦ
3256 2828 3664 2903 ἀποκρίνασθαι,
3703 2828 3804 2902 μό-

2150 2948 2240 2981 νον
2292 2922 2540 2980 έκέλευσε
2575 2920 2665 2977 καὶ
2713 2920 2985 2996 ἐξώρισεν,
3033 2917 3254 2974 ἕκαστον
3315 2914 3630 2989 διαστήσας,
3664 2916 3801 2991 ὅπερ

2151 3015 2241 3071 καὶ
2273 3014 2361 3069 ἐπὶ
2388 3017 2496 3069 τῶν
2545 3012 2823 3088 προτέρων
2870 3009 3158 3078 πεποίηκε.
3208 3012 3405 3063 Τοῦτον
3450 3013 3579 3083 γᾶρ,
3630 3005 3808 3082 ἐξορί-

2155 3109 2281 3175 ζων,
2311 3103 2403 3159 τὸν
2435 3101 2602 3156 τύπον
2654 3100 2813 3162 αὑτὸς
2862 3097 3139 3169 ἐποίησεν,
3174 3095 3267 3153 ἵνα
3313 3096 3403 3152 καὶ
3451 3094 3503 3150 ἐν
3555 3101 3678 3159 ταῖς
3718 3117 3802 3151 τι-

2156 3193 2389 3271 μωρίαις
2422 3191 2704 3266 ὠμότερος
2730 3193 2839 3244 τῶν
2871 3189 2979 3265 πρὸ
3016 3186 3182 3243 αὐτοῦ
3227 3187 3501 3263 τυράννων
3544 3185 3638 3241 καὶ
3671 3182 3802 3241 διω-

2151 3288 2295 3340 κτῶν
2344 3283 2590 3358 γένηται.
2644 3285 2733 3353 Σῷ
2784 3279 2879 3357 μέν
2924 3278 3028 3353 γὰρ
3075 3277 3329 3354 προτέρῳ
3378 3272 3612 3350 διωγμῷ
3641 3276 3802 3350 κοινῄ

2154 3373 2244 3429 καὶ
2273 3369 2522 3434 πολλοὺς
2568 3370 2681 3443 ἅμα
2726 3366 2962 3423 κελεύων
2996 3368 3025 3421 ὁ
3053 3367 3177 3422 τότε
3223 3364 3562 3439 Μαξιμιανὸς
3618 3364 3808 3441 ἐξώρι-

2158 3468 2240 3533 ζεν
2275 3458 2631 3535 ὁμολογητὰς
2661 3458 2752 3512 καὶ
2795 3458 2895 3527 τὴν
2942 3455 3214 3533 τιμωρίαν
3262 3452 3603 3532 έπεκούφιζε,
3634 3474 3807 3531 παρα-

2161 3550 2499 3626 μυθούμενος
2575 3546 2771 3610 αὐτοὺς
2827 3548 2940 3621 (49)
2995 3549 3065 3620 τῇ
3143 3543 3397 3615 συνουσίᾳ
3458 3563 3472 3576 ·
3532 3543 3693 3607 οὗτος
3750 3541 3811 3599 δὲ

2154 3642 2404 3697 κάκείνου
2433 3640 2654 3715 γέγονεν
2702 3635 3003 3711 ὠμότερος,
3034 3634 3124 3689 καὶ
3176 3632 3425 3703 διέστησε
3467 3631 3598 3695 τοὺς
3646 3635 3809 3707 κοινῇ

2155 3728 2694 3807 καρῥησιασαμένους
2741 3725 2831 3781 καὶ
2864 3722 3321 3799 ὁμολογήσαντας
3358 3768 3373 3795 ,
3430 3722 3524 3777 καὶ
3583 3719 3808 3799 διεχώ-

2156 3842 2273 3899 ρισε
2317 3821 2461 3896 (50)
2486 3817 2616 3881 τοὺς
2664 3813 3007 3876 συνδεθέντας
3052 3816 3122 3888 τῇ
3166 3812 3367 3883 πίστει,
3411 3810 3509 3867 ’ίνα
3548 3811 3640 3868 καὶ
3672 3812 3810 3867 ἀπο-

2154 3912 2477 3982 θνήσκοντες
2508 3904 2793 3978 ἀλλήλους
2831 3906 2905 3979 μή
2943 3902 3210 3980 βλέπωσι,
3234 3901 3500 3975 νομίζων,
3524 3901 3602 3963 ὡς
3632 3902 3662 3956 6
3692 3921 3810 3978 χω-

2157 4001 2352 4076 ρισμὸς
2397 4003 2495 4054 τοῦ
2567 3997 2821 4071 σώματος
2878 3994 3096 4054 πάντως
3151 3991 3243 4047 καὶ
3298 3991 3398 4060 τὴν
3457 3995 3560 4060 τῆς
3616 3992 3810 4066 ψυχῆς

2157 4088 2388 4146 διάθεσιν
2441 4086 2730 4158 διίστησιν,
2778 4086 2816 4154 ἢ
2867 4082 3228 4159 χωρισθέντες
3276 4080 3365 4159 ἀφ’
3416 4079 3642 4151 ἑαυτῶν,
3694 4078 3814 4135 ἐπι-

2156 4178 2425 4235 λάθωνται
2458 4180 2570 4250 (51)
2596 4183 2697 4245 τῆς
2730 4171 2995 4245 ἀλλήλων
3029 4168 3413 4249 ὁμοφροσύνης
3441 4188 3502 4224 τε
3529 4169 3621 4224 καὶ
3669 4169 3810 4243 ὁμο·-

2155 4268 2359 4343 ψυχίας
2393 4286 2406 4298 ·
2433 4265 2533 4321 οὐκ
2580 4262 2761 4334 εἰδὼς,
2793 4261 2898 4334 ὅτι,
2946 4261 3041 4318 κᾶν
3085 4257 3310 4321 ἕκαστος
3355 4258 3644 4333 ἀπομείνῃ,
3678 4254 3814 4313 ἀλλ’

2157 4356 2275 4433 ἔχει
2308 4357 2421 4430 μεθ’
2462 4356 2653 4410 ἑαυτοῦ
2703 4350 2868 4409 πάλιν
2920 4351 2979 4407 ὃν
3026 4354 3186 4425 κοινῇ
3219 4347 3468 4411 συνόντες
3500 4344 3813 4423 ὡμολόγη-

2157 4469 2248 4503 σαν
2281 4446 2499 4523 Κύριον,
2530 4444 2592 4507 ’ὸς
2637 4444 2728 4499 καὶ
2775 4439 3003 4504 πλείους
3052 4441 3187 4496 εἶναι
3236 4440 3457 4509 ποιήσει
3513 4437 3628 4512 μεθ’
3678 4436 3807 4491 ἑκά-

2155 4558 2281 4592 στου
2333 4537 2432 4612 (ὡς
2485 4532 2781 4605 πεποίηκεν
2817 4531 2905 4587 ἐπὶ
2963 4529 3271 4587 Ἐλισσαίου
3313 4532 3413 4584 τοῦ
3467 4527 3808 4606 προφήτου),

2150 4624 2293 4704 ἤπερ
2353 4626 2454 4681 εἰσὶ
2535 4625 2669 4698 μετὰ
2740 4618 3112 4677 Κωνστοντίου
3183 4621 3527 4694 στρατιῶται.
3588 4613 3806 4695 Τυφλὸν

389 4712 719 4782 segregant,
752 4708 813 4764 in
843 4707 954 4764 hoc
977 4709 1331 4782 praecipuere
1368 4728 1497 4768 sese
1552 4712 1679 4785 ipse
1734 4714 1902 4772 valde
1947 4717 2040 4774 Ιω-

2156 4718 2370 4789 ὶΛηθῶς
2402 4716 2437 4786 ἠ
2463 4715 2628 4770 κακία
2655 4733 2667 4745 ·
2702 4712 2752 4768 έν
2784 4713 2830 4785 ᾧ
2877 4713 2981 4787 γὰρ
3032 4707 3214 4781 ἔδοξαν
3266 4705 3458 4763 λυπεῖν
3506 4704 3637 4768 τοὺς
3669 4707 3811 4779 ὁμο-

386 4802 610 4854 serunt.
642 4798 789 4854 Nam
824 4799 1026 4856 siuna
1079 4798 1164 4854 illi
1219 4804 1276 4855 et
1330 4799 1389 4854 in
1447 4802 1656 4859 eodem
1714 4803 1838 4862 loco
1899 4807 2038 4865 fuis-

386 4890 538 4955 sent,
568 4903 637 4943 ex
658 4905 774 4945 uno
804 4891 1036 4944 tantum
1067 4887 1193 4944 loco
1218 4888 1536 4961 impiorum
1569 4891 1761 4950 scelus
1800 4896 2036 4970 evulga-

384 4977 513 5032 tum
543 4976 758 5033 fuisset
788 4994 802 5032 :
820 4977 947 5048 jam
978 4993 1111 5034 vero
1142 4994 1277 5034 cum
1308 4977 1441 5037 illos
1462 4983 1845 5057 segregarint,
1889 4985 2033 5043 illud

459 5101 503 5137 ¹ι
538 5103 664 5157 Act.
697 5117 777 5170 Ix,
804 5101 859 5158 5.
950 5102 996 5136 ¹²
1025 5101 1101 5157 IV
1131 5102 1271 5175 Reg.
1297 5116 1374 5175 vr,
1399 5105 1484 5160 16.

453 5226 579 5310 (45).
603 5225 735 5310 Haec
755 5228 1102 5310 Ammianus
1124 5228 1301 5284 refert
1332 5227 1432 5310 lib.
1473 5248 1729 5310 xv,_cap.
1762 5237 1817 5308 7,
1854 5255 1911 5310 p.
1944 5240 2035 5298 91.

382 5297 957 5377 Theodoretus‘item
988 5300 1088 5377 lib.
1122 5316 1185 5377 u1
1203 5316 1338 5377 cap.
1356 5301 1443 5368 16,
1476 5297 1833 5377 colloquium
1854 5297 2041 5369 ‘all'ert

383 5369 599 5456 Liberii
629 5387 762 5427 cum
783 5369 1378 5436 Constantio.Qua'de
1407 5389 1469 5430 re
1504 5375 1566 5431 in
1630 5369 1745 5434 Vita
1801 5381 2041 5440 Athana-

379 5459 473 5499 su.

476 5514 569 5586 46)
599 5518 687 5571 Ita
712 5515 853 5586 Reg.
887 5514 1037 5570 Editi
1061 5530 1194 5571 vero
1217 5514 1473 5584 κέκτηται
1509 5519 1679 5577 male.

476 5515 545 5570 46
599 5518 687 5571 Ita
712 5515 853 5586 Reg.
887 5515 1037 5570 Editi
1061 5530 1194 5571 vero
1217 5515 1473 5584 κέκτηται
1509 5519 1679 5577 male.

450 5515 569 5710 (47)
598 5586 693 5642 Sic
719 5586 863 5660 Reg.
899 5586 1048 5641 Edit.
1081 5602 1215 5643 vero
1267 5587 1448 5644 Paris.
1500 5589 1616 5658 hic,
1679 5594 1921 5666 γενέσθαι
1982 5603 2040 5655 et

472 5673 537 5710 ra
566 5661 698 5710 post
725 5657 1136 5710 Χοιστομάγος-
1169 5658 1344 5710 habet
1370 5660 2036 5710 1n1.0ivat_irnnnmnfn_

380 5654 698 5735 infra'post
725 5654 1136 5735 Χρξστομαζχος,
1169 5658 1344 5735 habet
1360 5654 2036 5735 _xnr,0ﬁvdz,t'ransmuta¥

382 5726 945 5810 tis_vocibus_._'Ed.it.
982 5726 1511 5810 Q6mm._xkn0ﬁvdt
1542 5726 1876 5810 utrobique
1930 5741 2034 5799 ha-

381 5798 502 5869 bet,
533 5803 591 5857 et
617 5798 702 5857 ita
730 5799 1106 5860 Basil.codex.
1138 5798 1343 5877 prima
1359 5798 1541 5864 manu
1576 5825 1592 5883 ;
1624 5809 1728 5868 sed
1752 5798 2035 5894 secunda,

2146 4806 2410 4881 λογητᾶς,
2445 4802 2869 4881 διαχωρίζοντες
2897 4800 3093 4862 αὐτοὺς
3124 4800 3213 4854 ἀπ’
3246 4795 3538 4871 ἀλλήλων,
3573 4795 3625 4853 ἒν
3675 4793 3809 4851 τού-

2142 4919 2223 4971 τῳ
2277 4893 2489 4971 μᾶλλον
2540 4892 2762 4955 ἑαυτοὺς
2814 4889 3070 4967 μεγάλως
3122 4886 3410 4957 ἠδίκησαν.
3461 4883 3646 4948 ’Ὁλως
3704 4885 3806 4959 μὲν

2146 4989 2249 5064 γὰρ
2281 4986 2326 5041 εἰ
2359 4991 2588 5054 συνῆσαν
2625 4979 2922 5054 ἀλλήλοις,
2953 4979 3042 5035 καὶ
3076 4978 3163 5034 ἐπὶ
3194 4977 3256 5032 τὸ
3304 4975 3435 5034 αὐτὸ
3473 4974 3806 5051 ἐτύγχανον,

2146 5257 2324 5319 (διιᾳξις)Δ
2341 5236 2634 5319 κληθῆναι,
2664 5239 2960 5319 postremo
3010 5231 3265 5319 γενέσθαι.
3281 5230 3477 5319 habet.

2219 5314 2332 5438 (48)
2364 5303 2519 5368 Edit.
2549 5303 2889 5374 Parisiens.,
2919 5303 3114 5380 πρινή.
3146 5304 3295 5360 Edit.
3328 5303 3493 5359 Com.
3551 5304 3610 5357 et
3652 5316 3808 5358 mss.

2219 5416 2220 5429 ι
2246 5406 2296 5438 ν.

2148 5405 2335 5529 πρῖἷὸ>
2370 5446 2998 5529 Ῑῑοι-Ηθε-ς-ββριαὐῖούς
3030 5445 3499 5529 deestineditis.
3539 5470 3544 5476 -

2220 5514 2444 5602 (505m
2465 5514 2825 5602 Re§_:Editi_,
2884 5517 3212 5602 διεχώρησε.
3265 5518 3398 5602 Mos
3453 5514 3806 5602 Reguia'nrc-

2147 5585 2493 5671 θνήσκοντας.
2537 5585 2714 5667 Editl,
2789 5585 3243 5663 ἆποθνήσκοντες,
3321 5585 3572 5661 υἷι-αι]υέ
3626 5585 3807 5646 lectio

2148 5673 2520 5823 Ψῖἓῖῗὲίίἥί,
2544 5734 2927 5797 ἐπιλάθωνται.
2964 5737 3105 5811 Reg.
3138 5729 3506 5789 ἐπιλάθονται,
