4132 6376
359 485 477 547 7H

1306 486 1679 549 HISTORIA
1720 485 2190 547 ARIANORUM
2232 488 2335 547 AD
2383 489 2832 551 MONAGHOS.

3657 491 3776 549 742

361 616 413 687 ἐξ
446 616 561 677 ἐνὸς
592 615 762 670 τόπου
791 619 897 670 τῶν
951 612 1155 672 ἀσεϐῶν
1200 616 1522 693 ἐγνωρίζετο
1552 619 1613 672 τὸ
1649 617 1819 691 μύσος
1851 617 1960 690 (52)
1996 635 2008 649 '

2127 620 2383 691 effecere,
2416 626 2479 675 ut
2509 621 2701 694 impiae
2732 640 2849 678 suae
2909 622 3150 679 haeresis
3208 623 3560 694 malitiaeque
3619 622 3779 678 fama

359 710 450 759 νῦν
533 703 590 760 δὲ
644 750 657 775 ,
720 703 1121 775 διαστήσαντες-
1180 706 1377 769 αὐτοὺς
1428 752 1441 778 ,
1500 709 1860 777 πεποιήκασιν
1940 706 2015 767 εἰς

364 797 541 849 πάντα
587 794 753 849 τόπον
799 792 1113 869 διαδραμεῖν
1167 796 1369 850 ἑαυτῶν
1420 798 1509 851 καὶ
1558 799 1863 872 γνωσθῆναι
1914 796 2012 864 τὴν

359 878 524 953 ἀσεϐῆ
556 882 761 959 α’ίρεσιν
793 884 884 938 καὶ
911 885 1200 955 πονηρίαν.

430 974 514 1028 41.
564 974 663 1027 Οἷα
719 974 821 1047 γὰρ
878 974 967 1027 καὶ
1025 979 1191 1027 ταῦτα
1243 976 1567 1047 πράττοντες
1628 971 1873 1049 ἔδρασαν,
1930 974 2014 1035 τίς

359 1061 593 1123 ἀκούσας
646 1061 752 1137 οὐχ
782 1064 1049 1137 ἡγήσεται
1097 1064 1271 1117 πάντα
1315 1062 1526 1136 μᾶλλον
1578 1063 1773 1125 αὐτοὺς
1818 1064 1852 1131 ἢ
1884 1069 2011 1137 Χρι-

357 1149 603 1213 στιανοὺς
660 1151 793 1205 εἶναι
848 1170 860 1219 ;
916 1147 1171 1225 Λιϐερίου
1231 1154 1333 1227 γαρ
1396 1151 1816 1213 ἀποστείλαντος
1877 1153 2013 1224 πρὸς

358 1237 587 1314 βασιλέα
644 1239 945 1313 Εὐτρόπιον
1000 1244 1117 1313 (53)
1176 1238 1560 1317 πρεσϐύτερον,
1620 1243 1710 1295 καὶ
1765 1239 2010 1295 διάκονον

352 1326 587 1402 Ἱλάριον
644 1330 779 1401 μετὰ
830 1331 1193 1404 γραμμάτων,
1247 1330 1335 1385 ὅτε
1384 1332 1473 1385 καὶ
1507 1331 1713 1406 οἱπερὶ
1746 1330 2011 1406 Λουκίιρε-

357 1436 447 1491 ρον
481 1420 593 1489 (54)
644 1415 996 1491 ὡμολόγουν,
1042 1419 1133 1473 τὸν
1189 1420 1280 1492 μὲν
1333 1415 1696 1494 πρεσϐύτερον
1745 1418 1899 1480 εὐθὺς
1933 1417 2012 1487 ἐξ·

357 1506 579 1581 ώρισαν,
611 1507 700 1559 τὸν
736 1504 793 1560 δὲ
825 1503 1093 1573 διάκονον,
1125 1505 1355 1582 Ἱλάριον
1392 1509 1798 1581 γυμνώσαντες,
1830 1508 1917 1560 καὶ
1949 1507 2015 1560 τὰ

352 1598 498 1647 νῶτα
556 1594 943 1666 μαστίξαντες,
998 1594 1283 1668 ἐξώρισαν,
1339 1596 1736 1673 ἐπιφωνοῦντες
1770 1614 1781 1626 ·
1814 1596 1911 1649 Δια
1959 1597 2013 1651 τί

359 1684 433 1755 μὴ
469 1683 724 1753 ἀντέστης
754 1679 1014 1757 Λιϐερίῳ,
1069 1682 1211 1737 ἀλλὰ
1264 1686 1353 1738 καὶ
1406 1691 1531 1759 παρ’
1578 1684 1741 1738 αὐτοῦ
1787 1686 2010 1758 κεκόμι-

350 1791 449 1833 κας
480 1772 778 1846 γράμματα
811 1790 824 1839 ;
860 1771 1075 1826 ἐποίουν
1131 1769 1188 1826 δὲ
1217 1778 1377 1825 τοῦτο
1421 1772 1717 1847 Οὐρσάκιος
1751 1773 1839 1826 καὶ
1874 1772 2011 1827 Οὐά-

354 1858 481 1930 λης,
516 1861 606 1913 καὶ
656 1862 707 1914 οἱ
758 1860 848 1914 σὺν
902 1860 1084 1923 αὐτοῖς
1137 1860 1451 1923 σπάδοντες.
1504 1863 1660 1915 Καὶὸ
1705 1862 1797 1935 μὲν
1834 1860 2013 1916 διάκο-

351 1970 443 2011 νος
501 1950 896 2022 μαστιζόμενος
944 1948 1176 2024 ηὐλόγει
1224 1952 1315 2004 τὸν
1370 1950 1583 2025 Κύριον,
1624 1952 1883 2023 μνησθεὶς
1914 1950 2007 2005 αύ-
2041 1991 2087 2055 Β

416 2042 442 2052 ~
494 2035 549 2055 \I
833 2039 893 2055 ’.εἴ
1022 2043 1047 2052 υ
1111 2038 1123 2055 Ι
1369 2036 1422 2055 )I‘
1622 2039 1635 2055 5
1776 2040 1787 2055 1

350 2042 446 2093 τοῦ
494 2035 751 2112 λέγοντος
788 2056 801 2070 ’
833 2039 931 2092 Τὸν
982 2038 1154 2092 νῶτόν
1214 2060 1315 2112 μου
1368 2036 1543 2093 ἔδωκα
1592 2039 1669 2101 εἷς
1720 2040 2004 2113 μάστιγας.

353 2128 415 2179 Οἱ
465 2124 521 2180 δὲ
564 2128 652 2181 καὶ
692 2128 1039 2199 μαστῖζοντες
1092 2126 1297 2202 ἐγέλων
1350 2128 1440 2182 καὶ
1492 2127 1787 2203 ἐχλεύαζον
1822 2127 2004 2199 αὐτὸν,

352 2214 450 2269 οὐκ
481 2214 853 2291 ἐρυθριῶντες,
909 2215 989 2270 ὅτι
1042 2215 1271 2286 Λευίτην
1319 2212 1537 2287 ὕϐριζον
1576 2236 1587 2248 ⁸
1624 2219 1903 2286 πρέποντα
1951 2215 2009 2271 δὲ

352 2303 562 2366 ἐαυτοῖς
595 2305 685 2359 καὶ
718 2305 867 2358 οὗτοι
911 2303 1182 2379 γελῶντες
1232 2305 1513 2382 ἐφρόνουν,
1566 2306 1816 2367 κάκεῖνος
1849 2304 2005 2360 εὐλο-

350 2397 462 2467 γῶν
524 2394 757 2467 ὑπέμενε
794 2439 805 2451 .
857 2394 926 2447 Τὸ
986 2395 1078 2467 μὲν
1141 2396 1243 2468 γάρ
1314 2394 1601 2448 τύπτεσθαι
1668 2399 2003 2470 Χριστιανῶν

352 2480 489 2537 ἴδιόν
523 2482 656 2555 ἐστι,
688 2484 749 2537 τὸ
794 2480 849 2537 δὲ
902 2482 1173 2555 μαστίζειν
1231 2484 1583 2556 Χριστιανοὺς
1634 2481 1876 2537 Πιλάτου
1916 2484 2005 2537 καὶ

351 2573 563 2649 Καϊάφα
613 2573 675 2625 τὸ
733 2571 1038 2644 τόλμημα.
1087 2571 1241 2625 Οὕτω
1295 2573 1387 2644 μὲν
1460 2570 1551 2625 οὖν
1602 2573 1689 2626 καὶ
1732 2574 1832 2640 τὴν
1883 2578 2007 2625 Ῥω-

356 2660 528 2733 μαίων
560 2658 885 2728 Ἐκκλησίαν
942 2660 1030 2713 καὶ
1079 2661 1216 2713 κατὰ
1262 2662 1359 2727 τὴν
1415 2661 1591 2735 ἀρχὴν
1645 2659 2004 2735 ἐπεχείρησαν

353 2748 655 2827 διαφθεῖραι
690 2752 824 2821 (55),
857 2746 1181 2818 Θελήσαντες
1226 2748 1579 2823 ἐγκαταμίξαι
1627 2749 1717 2802 καὶ
1768 2749 1819 2802 ἐν
1871 2748 2006 2822 αὐτῇ

349 2840 448 2907 τὴν
511 2833 755 2892 ἀσέϐειαν
790 2857 801 2868 ·
838 2838 865 2891 ὁ
925 2835 983 2891 δὲ
1041 2834 1295 2913 Λιϐέριος
1339 2885 1353 2909 ,
1415 2836 1725 2911 ἐξορισθεὶς,
1788 2836 2005 2913 ὕστερον

358 2928 491 3001 μετὰ
522 2924 671 2995 διετῆ
705 2925 905 3001 χρόνον
942 2921 1175 2996 ὤκλασε,
1208 2927 1297 2979 καὶ
1322 2921 1583 3002 φοϐηθεὶς
1630 2928 1719 2980 τὸν
1755 2924 2008 2980 ἀπειλού-

359 3036 517 3089 μενον
550 3016 800 3081 θάνατον,
855 3015 1181 3088 ὑπέγραψεν.
1236 3012 1413 3067 Ἀλλὰ
1456 3014 1547 3067 καὶ
1595 3019 1754 3068 τοῦτο
1799 3012 2006 3068 δείκνυ-

352 3126 432 3158 σιν
468 3103 685 3158 ἐκείνων
742 3104 835 3175 μεν
883 3104 983 3170 τήν
1038 3103 1179 3177 βίαν,
1232 3099 1489 3176 Λιϐερίου
1538 3100 1595 3156 δὲ
1642 3103 1704 3155 τὸ
1744 3104 1877 3156 κατὰ
1906 3109 2008 3171 τῆς

349 3194 607 3269 αἱρέσεως
670 3197 846 3265 μῖσος,
900 3192 989 3245 καὶ
1044 3193 1141 3260 τὴν
1205 3191 1335 3265 ὑπὲρ
1395 3191 1716 3245 Ἀθανασίου
1774 3194 2002 3268 ψῆφον,

350 3281 439 3337 ὅτε
462 3284 561 3351 την
612 3280 924 3356 προαίρεσιν
978 3280 1122 3355 εἶχεν
1175 3278 1478 3353 ἐλευθέραν.
1528 3281 1602 3333 Τὰ
1649 3280 1751 3353 γὰρ
1800 3278 1857 3334 ἐκ
1907 3281 2004 3355 βα-

2129 726 2362 764 omnem
2396 710 2453 765 in
2486 710 2677 766 locum
2710 713 3065 784 pervaderet,
3100 730 3165 768 ac
3216 712 3434 784 ubique
3464 715 3775 783 perspecta

2127 804 2298 853 esset.

2196 978 2282 1033 41.
2309 978 2437 1033 Haec
2459 980 2597 1034 item
2624 979 2859 1035 illorum
2884 979 3142 1035 facinora
3163 980 3296 1051 quis
3323 980 3372 1035 si
3402 979 3623 1050 audiat,
3654 994 3771 1035 non

2127 1067 2441 1121 arbitretur
2471 1068 2600 1122 illos
2633 1068 2863 1139 quidvis
2922 1069 3119 1139 potius
3172 1086 3350 1141 quam
3408 1068 3771 1124 Christianos

2126 1171 2253 1210 esse
2271 1155 2453 1209 ?Cum
2480 1156 2745 1211 Liberius
2764 1158 3108 1228 EutrOpium
3133 1158 3563 1229 presbyterum,
3587 1162 3645 1211 et
3674 1156 3772 1211 Hi—

2124 1243 2333 1297 larium
2355 1245 2665 1299 diaconum
2690 1262 2822 1299 cum
2850 1244 3059 1301 litteris
3087 1247 3347 1301 misisset
3369 1246 3441 1301 ad
3464 1246 3775 1317 imperato-

2126 1348 2268 1403 rem,
2304 1350 2417 1403 quo
2449 1338 2713 1405 tempore
2770 1334 2907 1388 item
2942 1335 3172 1390 Lucifer
3229 1352 3364 1390 cum
3424 1335 3602 1390 sociis
3633 1351 3773 1389 con-

2128 1422 2415 1476 fidebatur
2438 1439 2449 1487 ;
2479 1423 2883 1493 presbyterum
2908 1422 3105 1477 statim
3132 1423 3216 1477 illi
3237 1424 3297 1478 in
3319 1423 3589 1479 exsilium
3614 1422 3770 1478 able-

2124 1515 2339 1582 garunt
2366 1528 2379 1565 :
2402 1511 2717 1565 diaconum
2742 1528 2874 1566 vero
2902 1511 3530 1583 Hilarium,postquam
3556 1513 3771 1567 nudas-

2123 1604 2274 1668 sent,
2306 1604 2481 1669 atque
2514 1599 2686 1654 dorso
2718 1600 2918 1671 ﬂagris
2979 1600 3361 1665 caecidissent,
3392 1601 3451 1655 in
3500 1600 3771 1655 exsilium

2123 1688 2261 1742 item
2296 1688 2602 1743 miserunt.
2632 1693 2778 1742 Dum
2805 1688 3170 1759 flagellarent
3198 1694 3392 1744 autem
3425 1690 3544 1744 haac
3566 1689 3772 1745 vocife-

2124 1777 2442 1833 rabantur:
2476 1777 2663 1839 Quare
2722 1777 2949 1833 Liberio
2984 1794 3097 1832 non
3156 1778 3456 1843 obstitisti,
3514 1779 3614 1833 sed
3642 1778 3769 1848 ejus

2121 1863 2381 1919 detulisti
2414 1864 2639 1920 litteras
2660 1865 2687 1919 ?
2710 1864 2856 1919 Illud
2882 1865 3157 1920 facinoris
3180 1866 3471 1921 admisere
3493 1865 3771 1923 Ursacius

2120 1957 2176 2007 et
2188 1952 2399 2008 Valens
2414 1970 2546 2008 cum
2575 1954 2958 2024 spadonibus.
2976 1954 3289 2022 Diaconus,
3307 1972 3478 2026 porro
3497 1956 3640 2010 dum
3656 1971 3775 2011 ver-

2119 2042 2421 2097 beraretur
2443 2043 2822 2097 benedicebat
2848 2044 3111 2113 Domino,
3145 2060 3371 2099 memor
3388 2044 3548 2099 illius
3574 2044 3770 2101 dicen-

2118 2130 2231 2186 tis:
2270 2136 2499 2187 Dorsum
2557 2147 2741 2186 meum
2788 2130 2914 2185 dedi
2958 2132 3183 2200 ﬂagella
3206 2132 3268 2186 ‘3.
3322 2132 3410 2187 llli
3467 2150 3602 2189 vero
3643 2149 3768 2188 ver-

2118 2220 2408 2284 berantes,
2445 2219 3223 2291 irridebantilludebantque
3238 2221 3359 2276 viro
3388 2237 3400 2276 :
3427 2237 3615 2293 neque
3636 2237 3767 2277 eru-

2117 2308 2293 2363 buere
2321 2309 2475 2379 quod
2507 2307 2741 2363 levitam
2775 2308 3076 2364 afﬁcerent
3134 2309 3542 2365 contumeliis:
3596 2310 3769 2366 dum-

2118 2414 2229 2469 que
2251 2397 2567 2453 cachinnos
2584 2396 3159 2468 profunderent,rem
3186 2398 3296 2452 sibi
3314 2402 3768 2455 consentaneam

2116 2486 2367 2557 agebant
2396 2503 2407 2539 :
2444 2485 2656 2556 illeque
2687 2486 3081 2541 benedicendo
3104 2487 3526 2558 perseverabat.
3559 2486 3770 2543 Verbe-

2117 2575 2231 2629 rari
2256 2591 2485 2646 nempe,
2511 2574 2999 2644 Christianorum,
3022 2575 3388 2630 Christianos
3410 2580 3605 2631 autem
3636 2592 3771 2631 ver-

2117 2664 2339 2732 berare,
2368 2662 2538 2718 Pilati
2570 2668 2627 2718 et
2656 2663 2886 2734 Caiphae
2919 2664 3148 2718 facinus
3196 2668 3305 2719 est.
3365 2663 3459 2719 Sic
3506 2664 3703 2735 itaque
3734 2682 3768 2721 θ.

2118 2750 2402 2822 principio
2431 2751 2620 2821 ipsam
2654 2751 2977 2806 Romanam
3038 2751 3354 2807 Ecclesiam
3414 2750 3764 2807 labefactare

2118 2840 2307 2894 conati
2342 2844 2499 2906 sunt,
2535 2843 2802 2911 optantes
2834 2857 3003 2895 suam
3037 2838 3120 2893 illi
3153 2840 3475 2895 admiscere
3498 2840 3765 2912 impieta-

2117 2933 2256 2983 tem.
2281 2929 2450 2983 Porro
2474 2928 2738 2983 Liberius
2770 2929 3015 2984 extorris
3048 2929 3256 2999 factus,
3294 2932 3427 3001 post
3458 2930 3761 2986 biennium

2118 3017 2367 3088 denique
2391 3017 2606 3071 fractus
2621 3017 3032 3088 est,minisque
3050 3017 3255 3071 mortis
3270 3016 3613 3087 perterritus
3630 3018 3767 3073 sub-

2117 3105 2354 3175 scripsit
2374 3106 2557 3174 (ΑΝΝο
2580 3106 2725 3175 357).
2750 3105 2965 3160 Verum
2998 3122 3065 3159 ea
3095 3104 3222 3175 ipsa
3254 3122 3314 3160 re
3346 3106 3764 3176 comprobatur

2116 3210 2248 3247 curn
2272 3193 2545 3248 violentia
2571 3210 2795 3264 eorum,
2819 3199 2944 3248 tum
2969 3193 3183 3248 Liberii
3214 3193 3273 3248 in
3299 3193 3566 3249 haeresim
3598 3193 3763 3250 illam

2117 3282 2339 3349 odium,
2364 3282 2606 3351 ejusque
2628 3298 2728 3350 pro
2753 3281 3065 3336 Athanasio
3090 3281 3461 3353 suffragium,
3497 3283 3764 3353 quandiu

350 3372 524 3425 σάνων
556 3371 703 3445 παρὰ
749 3371 848 3437 τήν
884 3368 934 3439 ἐξ
967 3370 1145 3443 ἀρχῆς
1197 3368 1425 3443 γνώμην
1477 3367 1796 3442 γιγνόμενα,
1840 3373 2006 3422 ταῦτα

2125 3369 2342 3426 scilicet
2362 3370 2540 3424 libere
2563 3370 2915 3440 arbitrioque
2943 3387 3049 3425 suo
3068 3386 3237 3442 agere
3255 3370 3437 3425 licuit.
3456 3370 3603 3426 Nam
3636 3388 3765 3443 quia

349 3460 411 3513 οὐ
458 3463 565 3514 τῶν
626 3454 1011 3536 φοϐηθέντων,
1064 3455 1209 3511 ἀλλᾶ
1264 3461 1370 3510 τῶν
1438 3456 1830 3530 βασανιζόντων
1892 3456 2001 3512 ἐστὶ

353 3549 701 3625 βουλήματα.
736 3548 918 3602 Πάντα
971 3547 1153 3619 μέντοι
1204 3552 1378 3600 ποιεῖν
1431 3546 1563 3620 ὑπὲρ
1612 3553 1713 3615 τῆς
1744 3547 2002 3621 αἱρέσεως

349 3636 709 3713 ἐπεχείρησαν
738 3654 749 3666 ·
782 3637 898 3690 καθ’
931 3636 1158 3705 ἑκάστην
1213 3632 1269 3689 δὲ
1314 3632 1662 3707 Ἐκκλησίαν,
1711 3640 2002 3710 τηροῦντες

347 3727 413 3794 ἣν
448 3721 645 3799 ἔμαθον
697 3724 900 3792 πίστιν,
931 3724 1058 3786 τοὺς
1099 3726 1191 3797 μὲν
1246 3721 1605 3785 διδασκάλους
1636 3720 2001 3798 προσδοκῶσι,

347 3816 446 3883 τὴν
510 3812 567 3869 δὲ
625 3815 1009 3889 Χριστομάχον
1082 3812 1282 3887 α’ίρεσιν
1344 3808 1648 3867 κατέλαϐον
1702 3816 1861 3885 (56),
1915 3812 2005 3867 καὶ

349 3905 568 3975 πάντες,
606 3904 680 3965 ὡς
706 3898 850 3980 ὄφιν,
885 3902 1253 3977 ἐκτρέπονται.

425 4085 515 4140 42.
563 4085 797 4136 Τοιαῦτα
849 4079 907 4135 δὲ
956 4080 1045 4135 καὶ
1075 4085 1310 4135 τοσαῦτα
1361 4081 1687 4149 ποιήσαντες
1736 4081 1786 4133 οἳ
1826 4077 2008 4133 δυσσε-

357 4166 495 4241 ϐεῖς,
530 4168 684 4225 οὐδὲν
719 4169 971 4243 ἐνόμιζον
1005 4170 1385 4239 πεποιηκέναι,
1409 4165 1515 4229 ἕως
1548 4170 1572 4224 3
1608 4168 1774 4243 μέγας
1825 4171 2009 4230 Ὅσιος

360 4259 649 4336 ἀπείρατος
679 4260 745 4328 ἦν
778 4258 952 4313 αὐτῶν
984 4266 1085 4327 τῆς
1129 4258 1416 4333 πονηρίας.
1475 4259 1573 4311 Καὶ
1625 4259 1726 4331 γὰρ
1759 4257 1846 4311 καὶ
1877 4259 2012 4312 κατὰ

356 4349 453 4403 τοῦ
499 4347 831 4418 τηλικούτου
884 4348 1141 4422 γέροντος
1192 4346 1421 4401 ἐκτεῖναι
1450 4349 1551 4416 τὴν
1589 4346 1777 4419 μανίαν
1811 4346 2009 4401 ἐαυτῶν

359 4437 650 4511 ἐσκέψαντο
686 4456 697 4467 ·
731 4437 820 4491 καὶ
876 4435 986 4491 οὔθ’
1032 4435 1113 4490 ὅτι
1159 4439 1340 4511 πατήρ
1394 4435 1502 4489 ἐστι
1546 4441 1651 4490 τῶν
1706 4434 2011 4491 ἐπισκόπων

358 4526 708 4602 ᾐσχύνθησαν
742 4524 855 4581 οὔθ’
884 4525 969 4581 ὅτι
1008 4526 1229 4600 γέγονεν
1280 4526 1641 4600 ὁμολογητῆς
1688 4520 2013 4596 ηὐλαϐήθη-

360 4636 475 4688 σαν,
529 4612 654 4671 οὔτε
701 4614 793 4669 τὸν
842 4614 1043 4689 χρόνον
1090 4619 1189 4681 τῆς
1244 4611 1568 4679 ἐπισκοπῆς,
1623 4610 1705 4665 ὅτι
1758 4611 2015 4682 ἑξήκοντα

2110 3463 2534 3513 tormentorum
2556 3459 2609 3512 vi
2632 3463 2839 3530 praater
2862 3458 3115 3530 priorem
3140 3459 3490 3515 sententiam
3515 3459 3761 3516 eliciun-

2109 3553 2224 3617 tur,
2259 3564 2327 3602 ea
2358 3564 2472 3602 non
2507 3546 3041 3612 reformidantium,
3074 3548 3175 3602 sed
3231 3548 3568 3603 vexantium
3620 3552 3764 3604 sunt

2114 3636 2345 3708 placita.
2368 3634 2523 3691 Nihil
2546 3637 2741 3707 itaque
2763 3636 3001 3691 haeresis
3019 3653 3137 3691 sua)
3159 3636 3347 3709 gratia
3368 3655 3481 3693 non
3497 3637 3760 3710 aggressi

2114 3730 2270 3781 sunt.
2296 3724 2500 3796 Populi
2521 3740 2656 3779 vero
2684 3741 2787 3795 per
2808 3724 3070 3796 singulas
3093 3725 3381 3780 Ecclesiae
3406 3742 3580 3797 quam
3607 3726 3760 3781 didi-

2114 3830 2241 3869 cere
2273 3814 2446 3867 ﬁdem
2478 3812 2814 3881 retinentes,
2850 3812 3167 3884 magistros
3224 3819 3561 3886 exspectant
3594 3831 3757 3882 suos,

2115 3919 2181 3957 ac
2212 3901 2436 3956 Christo
2468 3901 2859 3956 adversariam
2890 3901 3180 3966 haeresim,
3213 3919 3393 3973 quam
3426 3904 3614 3958 coacti
3670 3919 3761 3960 re-

2117 4006 2338 4062 cepere,
2372 4006 2576 4045 omnes
2605 3988 2784 4045 veluti
2818 3994 3147 4061 serpentem
3179 3996 3546 4048 aversantur.

2187 4080 2275 4133 42.
2310 4082 2447 4134 Post
2476 4078 2617 4133 talia
2645 4082 2884 4149 tamque
2938 4078 3124 4134 multa
3183 4079 3462 4151 facinora,
3497 4080 3647 4135 nihil
3704 4097 3767 4138 se

2120 4168 2432 4240 perfecisse
2447 4167 2553 4221 rati
2570 4166 2731 4239 impii
2743 4167 3047 4237 ,quamdiu
3066 4184 3317 4239 magnus
3334 4169 3548 4224 Hosius
3561 4185 3764 4224 eorum

2122 4256 2543 4328 malignitatem
2575 4261 2847 4326 expertus
2879 4272 2993 4310 non
3026 4261 3220 4325 esset;
3257 4258 3326 4311 ad
3361 4262 3481 4311 tam
3526 4273 3764 4313 venera-

2121 4346 2299 4401 bilem
2332 4361 2530 4400 senem
2562 4345 2815 4399 furorem
2848 4361 3021 4399 suum
3043 4361 3366 4419 propagare
3388 4347 3762 4402 studuerunt:

2123 4452 2238 4491 non
2271 4440 2493 4506 patrem
2527 4434 2956 4504 episcoporum,
2990 4449 3107 4488 non
3139 4436 3533 4490 confessorem
3575 4436 3769 4491 virum

2125 4523 2351 4579 reveriti
2384 4526 2541 4587 sunt,
2576 4539 2688 4577 non
2721 4521 3091 4593 episcopatus
3124 4527 3361 4595 tempus
3396 4523 3455 4577 in
3488 4539 3603 4594 quo
3636 4523 3771 4595 plus

2125 4611 2425 4684 sexaginta
2453 4627 2635 4666 annos
2657 4614 2944 4682 exegerat,
2969 4611 3252 4665 erubuere
3279 4627 3291 4666 :
3346 4612 3448 4667 sed
3472 4611 3771 4683 posthabi-

362 4704 452 4775 ἔτη
479 4705 575 4759 ναὶ
605 4702 797 4759 πλεῖον
831 4701 946 4778 ἔχει
981 4702 1031 4757 ἐν
1066 4701 1225 4774 αὐτῇ,
1266 4698 1567 4775 ᾐδέσθησαν
1606 4723 1617 4734 ·
1654 4697 1799 4754 ἀλλὰ
1842 4702 2008 4755 πάντα

2125 4702 2199 4757 tis
2217 4700 2620 4771 despectisque
2640 4700 2864 4753 cmteris
2888 4699 3186 4765 omnibus,
3212 4699 3337 4755 sola
3357 4700 3593 4756 heresis
3613 4702 3773 4757 cordi

362 4794 708 4864 ἐξουθένουν,
764 4792 853 4847 καὶ
904 4793 1040 4867 πρὸς
1099 4790 1269 4864 μόνην
1327 4790 1425 4857 τὴν
1482 4787 1683 4862 α’ίρεσιν
1752 4784 2012 4843 ἔϐλεπον·

362 4880 639 4958 ἅνθρωποι
672 4879 893 4949 ἀληθῶς
948 4882 1088 4953 μήτε
1135 4880 1225 4933 τὸν
1283 4879 1409 4932 Θεὸν
1463 4873 1818 4955 φοϐούμενοι,
1880 4880 2017 4949 μήτε

363 4970 643 5047 ἄνθρωπον
692 4968 1073 5046 ἐντρεπόμενοι
1113 5013 1126 5025 ,
1172 4965 1569 5041 Προσελθόντες
1627 4965 1807 5019 τοίνυν
1867 4972 2016 5019 Κων-

366 5061 619 5132 σταντίῳ,
651 5058 923 5119 τοιούτοις
976 5055 1141 5111 πάλιν
1194 5056 1499 5131 ἐχρήσαντο
1551 5055 1755 5131 ῥήμασι
1795 5073 1805 5084 ·
1843 5055 2019 5108 Πάντα

370 5150 464 5224 μὲν
496 5150 893 5221 πεποιήκαμεν,
926 5149 1015 5201 καὶ
1059 5144 1388 5221 ἐξωρίσαμεν
1444 5146 1534 5198 τὸν
1587 5142 1869 5215 Ῥωμαίων
1906 5146 2018 5216 (57)

368 5238 659 5295 ἐπίσκοπον
698 5256 709 5269 ’
748 5237 1076 5313 ἐξωρίσαμεν
1130 5233 1187 5289 δὲ
1236 5234 1326 5289 καὶ
1367 5234 1471 5308 πρὸ
1523 5232 1685 5287 αὐτοῦ
1729 5230 2017 5294 πλείστους

368 5328 528 5392 ὅσους
560 5327 885 5388 ἐπισκόπους
922 5348 934 5361 ·
968 5327 1140 5380 πάντα
1184 5345 1242 5379 τε
1289 5323 1453 5379 τὸπον
1506 5318 1677 5402 φόϐου
1721 5320 2019 5398 πεπληρώ-

442 5458 485 5491 ¹²
514 5458 623 5512 lsa.
650 5473 701 5523 ι,
734 5457 789 5509 6.

462 5599 552 5670 52)
585 5599 672 5654 Ita
702 5602 841 5670 Reg.
867 5601 923 5652 et
952 5593 1128 5670 Basil.
1153 5594 1303 5670 Editi
1334 5596 1705 5670 ’,ποτα-μῖσος.

462 5599 552 5670 52)
585 5599 672 5654 Ita
702 5602 841 5661 Reg.
867 5601 923 5652 et
952 5598 1128 5651 Basil.
1153 5598 1303 5650 Editi
1334 5611 1490 5661 vero,
1527 5598 1705 5666 μῖσος.

440 5598 553 5741 (53)
582 5661 928 5741 Ευῐιιορῖυω
960 5668 1139 5734 hunc,
1174 5666 1430 5741 Hilarius
1490 5668 1861 5723 Pancratium
1913 5687 2019 5741 ap-

371 5742 552 5820 pellat
578 5740 906 5820 fragment.
938 5742 996 5806 5,
1027 5740 1279 5820 num,‘§,
1315 5744 1621 5813 postremas
1653 5740 1945 5799 editionis.

446 5813 558 5900 (54)
580 5810 728 5895 Vide
758 5829 939 5891 supra
976 5828 1141 5871 num.
1174 5810 1265 5870 33.

2126 4790 2238 4845 fuit
2266 4808 2278 4845 :
2312 4789 2579 4843 homines
2637 4804 2776 4843 sane
2808 4787 2906 4859 qui
2942 4803 3048 4842 nec
3107 4787 3291 4842 Deum
3322 4786 3552 4854 timent,
3585 4806 3774 4862 neque

2125 4879 2423 4935 hominem
2443 4882 2795 4932 reverentur.
2848 4876 3254 4931 Constantium
3277 4876 3455 4949 igitur
3467 4880 3772 4947 adeuntes,

2127 4969 2221 5023 his
2248 4967 2617 5022 sermonibus
2649 4966 3063 5037 alloquuntur:
3118 4965 3274 5020 Nihil
3327 4983 3443 5021 non
3502 4968 3771 5039 egimus:

2128 5057 2525 5111 Romanorum
2549 5055 2885 5126 episcopum
2912 5055 2969 5108 in
2992 5054 3261 5110 exsilium
3289 5054 3777 5128 ablegavimus,et

2129 5149 2262 5199 ante
2294 5144 2459 5197 illum
2492 5142 2813 5214 permultos
2836 5142 2979 5198 alios
3025 5143 3367 5214 episcopos:
3419 5145 3618 5199 omnia
3646 5144 3775 5201 loca

2128 5233 2439 5288 formidine
2470 5232 2843 5303 replevimus.
2874 5232 2981 5286 Sed
3033 5231 3180 5286 nihil
3238 5231 3406 5287 nobis
3461 5236 3623 5288 tanta
3671 5236 3776 5289 tua

2129 5325 2293 5395 gesta
2319 5321 2626 5393 juvahunt,
2658 5320 2949 5375 nihildum
3005 5337 3039 5375 θ.
3084 5320 3254 5379 nobisl
3312 5325 3464 5378 recte
3528 5321 3775 5392 factum,

2222 5593 2313 5659 55)
2348 5590 2564 5666 Regius
2594 5591 2792 5666 codex)
2826 5586 3215 5666 διαφθαρεῖναι,
3243 5589 3418 5646 male.

2338 5655 2525 5727 Forte,
2555 5655 2880 5716 κατέϐαλον,

2202 5668 2293 5735 (56
2338 5668 2525 5727 Forte,
2555 5668 2880 5716 κατέὸαλον,

2201 5668 2313 5809 (57)
2344 5737 2438 5809 Sic
2471 5733 2864 5809 R§S._,prim_a
2919 5749 3121 5801 manu,
3154 5736 3414 5797 secunda
3452 5748 3587 5796 vero
3618 5734 3775 5795 idem

2130 5801 2266 5870 cum
2296 5801 2465 5885 edit,
2481 5801 2588 5865 τῶν
2623 5801 2932 5885 Ῥωμαίων,
