4132 6446
350 520 470 580 743

874 521 941 583 S.
985 518 1414 582 ATHANASII
1458 519 1630 582 OPP.
1677 519 1881 582 PARS
1925 519 1977 580 Ι.
2020 553 2099 564 —-
2142 519 2559 583 HISTORICA
2606 518 2710 583 ET
2752 517 3238 585 DOGMATIGA.

3639 517 3766 581 7M

352 651 619 726 quandiu
638 652 854 710 Hosius
882 652 1101 710 illusus
1130 653 1495 709 remanserit.
1520 653 1667 709 Nam
1685 653 1827 708 dum
1845 653 1998 725 apud

2115 672 2283 725 καμεν
2324 669 2340 688 ·
2370 650 2495 707 ἀλλ’
2547 652 2623 716 εἷς
2671 650 2823 708 οὐδὲν
2873 655 3008 727 ἡμῖν
3052 651 3164 707 ἐστι
3207 651 3276 706 τὰ
3315 647 3624 720 τηλικαῦτά
3666 670 3762 705 σου

350 758 495 800 suos
516 742 643 815 ipse
665 742 843 816 degit,
877 760 1079 799 omnes
1104 743 1162 798 in
1187 743 1311 800 suis
1331 743 1604 799 Ecclesiis
1658 747 1999 812 remanent;

352 834 546 902 potest
570 830 785 904 quippe
806 831 903 888 ille
927 832 1100 888 verbo
1132 833 1361 904 ﬁdeque
1410 850 1518 888 sua
1567 849 1772 888 omnes
1802 832 2000 887 adver-

352 936 488 977 sum
518 936 627 977 nos
656 921 950 977 inducere.
984 922 1089 977 Hic
1137 926 1194 977 et
1241 922 1481 994 synodis
1534 939 1783 993 praeesse
1834 921 1999 989 solet,

351 1010 597 1081 ejusque
615 1009 831 1066 litteris
851 1010 1070 1083 ubique
1092 1027 1297 1067 omnes
1319 1012 1744 1083 obtemperant.
1778 1011 1881 1066 Hic
1902 1011 1999 1065 Ni-

353 1115 575 1156 cenam
605 1099 783 1156 ﬁdem
814 1100 1016 1173 edidit,
1039 1101 1406 1172 Arianosque
1434 1105 1501 1156 ut
1539 1100 1839 1157 haereticos
1872 1099 2003 1155 ubi-

352 1204 466 1261 que
486 1189 763 1246 traduxit.
809 1189 867 1244 Si
916 1189 1097 1262 igitur
1116 1191 1466 1246 remanserit
1484 1189 1815 1258 ille,iuutile
1834 1189 2004 1245 nobis

353 1276 531 1334 fuerit
565 1277 819 1335 aliorum
849 1278 1160 1336 exsilium:
1194 1296 1328 1336 mox
1377 1279 1535 1336 enim
1566 1281 1638 1336 de
1671 1280 1862 1335 medio
1892 1278 2002 1336 tol-

352 1366 530 1425 lenda
548 1371 752 1425 nostra
770 1366 1011 1426 haeresis
1031 1373 1139 1425 est.
1164 1369 1233 1424 Et
1262 1369 1419 1425 hunc
1450 1385 1587 1441 ergo
1618 1369 1889 1441 persequi
1922 1368 2005 1423 in-

356 1455 580 1529 cipias:
612 1473 720 1514 nec
739 1457 936 1514 virum
957 1458 1226 1530 quamvis
1269 1458 1646 1531 grandaevum
1704 1457 2003 1525 miserare,

353 1545 542 1604 nescit
568 1546 790 1620 quippe
818 1549 1021 1604 nostra
1048 1546 1286 1603 haeresis
1313 1546 1403 1602 vel
1461 1561 1671 1602 senum
1730 1545 2002 1602 canitiem

352 1649 614 1693 venerari
623 1677 636 1691 .

437 1813 592 1871 292
619 1813 708 1871 43.
741 1813 843 1871 His
873 1814 1091 1871 auditis
1121 1815 1461 1888 imperator,
1510 1814 1657 1870 nihil
1695 1817 2005 1870 cunctatus

356 1917 493 1959 cum
521 1901 717 1959 virum
748 1903 1023 1976 aeuisque
1052 1904 1395 1977 gravitatem
1416 1903 1596 1975 probe
1642 1907 1864 1971 nosset,
1906 1902 2006 1958 lit-

2113 735 2265 816 ἔργα,
2289 738 2414 796 οὐδὲ
2443 742 2794 817 κατώρθωται
2828 742 3006 796 ὁτιοῦν
3039 743 3198 814 ἡμῖν,
3229 736 3337 803 ἕως
3374 741 3561 801 Ὅσῖος
3607 759 3762 815 περι-

2113 827 2358 885 λείπεται
2391 832 2524 904 (58).
2562 832 2799 886 Ἐκείνου
2848 832 2951 906 γάρ
3007 826 3162 892 ὄντος
3210 828 3263 883 έν
3294 834 3412 891 τοῖς
3457 825 3641 897 ἰδίοις,
3673 829 3765 883 καὶ

2110 919 2304 981 πάντες
2337 918 2387 973 ἐν
2427 925 2547 982 ταῖς
2598 918 2758 982 ἰδίαις
2792 918 3145 990 Ἐκκλησίαις
3179 917 3309 973 εἰσίν
3347 940 3359 952 ο
3394 917 3577 979 ἱκανός
3625 917 3766 972 ἐστιν

2113 1007 2165 1063 ἐν
2201 1006 2355 1084 λόγῳ
2384 1008 2473 1064 καὶ
2522 1008 2699 1064 πίστει
2747 1008 2949 1063 πείθειν
3002 1009 3206 1070 πάντας
3254 1009 3371 1062 καθ’
3421 1010 3539 1078 (59)
3585 1009 3799 1079 ἡμῶν(

2113 1099 2281 1160 Οὗτος
2320 1098 2411 1152 xui
2447 1096 2684 1153 συνόδων
2716 1100 3057 1174 καθηγεῖται,
3102 1097 3192 1152 καὶ
3246 1097 3473 1175 γράφων
3524 1095 3777 1151 ἀκούεται

2111 1192 2395 1263 πανταχοῦ
2430 1207 2443 1220 ⁸
2479 1188 2638 1250 οὗτος
2688 1188 2779 1243 καὶ
2808 1190 2908 1256 τήν
2960 1186 3011 1241 ἐν
3065 1184 3262 1257 Νικαίᾳ
3308 1184 3490 1241 πίστιν
3542 1183 3768 1257 ἐξέθετο,

2111 1277 2201 1332 καὶ
2251 1275 2380 1339 τοὺς
2429 1276 2738 1353 Ἀρειανοὺς
2789 1276 3041 1351 ἐκήρυξεν
3089 1273 3395 1350 αἱρετικοὺς
3447 1274 3580 1329 εἶναι
3638 1294 3769 1329 παν-

2110 1370 2307 1441 ταχοῦ.
2340 1372 2433 1421 Ἂν
2464 1366 2644 1422 τοίνυν
2679 1367 2837 1429 οὗτος
2891 1366 3068 1440 μείνῃ,
3121 1364 3373 1441 περιττὸς
3420 1365 3451 1418 6
3495 1367 3604 1419 τῶν
3652 1363 3767 1419 ἑτέ-

2114 1476 2222 1531 ρων
2264 1454 2550 1531 έξορισμὸς
2600 1456 2821 1531 γέγονεν
2858 1499 2870 1513 .
2905 1457 2940 1525 ἡ
2971 1455 3075 1530 γὰρ
3130 1452 3336 1528 αἵρεσις
3389 1455 3550 1526 ἡμῶν
3604 1451 3769 1508 ἐκπο-

2115 1542 2221 1600 δὼν
2254 1543 2517 1620 γίγνεται.
2568 1546 2756 1621 Ἅρξαι
2801 1544 2982 1600 τοίνυν
3027 1542 3119 1599 καὶ
3163 1546 3354 1598 τοῦτον
3400 1539 3637 1615 διώκειν,
3676 1542 3770 1597 καὶ

2118 1635 2192 1708 μή
2227 1633 2404 1712 φείσῃ,
2453 1633 2550 1689 κᾶν
2593 1636 2824 1711 ἀρχαῖος
2855 1637 2893 1708 ᾗ
2929 1650 2943 1666 ο
2974 1630 3066 1687 καὶ
3112 1633 3215 1708 γὰρ
3265 1634 3301 1702 ἡ
3352 1628 3557 1708 α’ίρεσις
3603 1633 3766 1705 ἡμῶν

2115 1722 2213 1778 οὐκ
2244 1720 2384 1778 οἶδεν
2418 1720 2542 1778 οὐδὲ
2570 1723 2839 1799 γερόντων
2870 1726 3033 1797 τιμᾷν
3060 1719 3280 1778 πολιάν.

2185 1815 2484 1883 43.,Ταῦτα
2530 1811 2780 1883 ἀκούων,
2829 1810 2929 1866 οὐκ
2974 1807 3252 1885 ἐμέλλησε
3305 1807 3599 1884 βασιλεὺς,
3645 1806 3773 1865 ἀλλ’

2115 1899 2276 1964 εἰδὼς
2333 1901 2424 1955 τὸν
2482 1897 2787 1978 ἄνθρωπον,
2837 1900 2928 1956 καὶ
2985 1900 3048 1954 τὸ
3104 1899 3286 1954 ἱκανὸν
3343 1901 3441 1954 τοῦ
3484 1899 3768 1975 γέροντος,

354 1991 499 2049 teris
527 1990 615 2047 illi
643 1991 768 2049 suis
796 1992 1070 2066 praecepit
1099 1998 1165 2049 ut
1205 2009 1269 2050 se
1315 1993 1669 2061 conveniret,
1711 2010 1827 2065 quo
1855 1997 1998 2049 tem-

2115 1992 2310 2068 γράφει
2388 1991 2479 2045 xui
2548 1988 2759 2046 κελεύει
2833 1994 3024 2045 τοῦτον
3099 1986 3273 2044 ἐλθεῖν
3346 1988 3488 2065 πρὸς
3564 1988 3727 2044 αὐτὸν
3765 2030 3782 2055 ,

356 2095 495 2152 pore
519 2081 635 2152 (60)
656 2080 953 2137 Liberium
985 2085 1314 2155 pertentare
1346 2082 1684 2154 incipiebat.
1710 2082 2007 2137 Acceden-

354 2173 486 2225 tem
518 2169 688 2225 illum
716 2170 978 2242 rogabat,
1009 2170 1317 2243 solitisque
1369 2171 1585 2243 verbis,
1646 2170 1864 2243 quibus
1893 2169 2006 2227 sci-

360 2257 503 2316 licet
549 2258 696 2316 alios
756 2260 1021 2332 decipere
1067 2269 1467 2329 consueverat,
1522 2260 1887 2328 hortabatur,
1943 2263 2009 2315 ut

370 2348 686 2405 adversum
716 2365 824 2405 nos
843 2348 1142 2418 scriberet,
1175 2356 1233 2406 et
1261 2366 1396 2405 cum
1418 2349 1651 2406 Arianis
1679 2347 2007 2405 communi-

360 2440 539 2494 caret.
562 2441 763 2510 Senex,
796 2437 898 2509 qui
920 2438 1001 2494 rei
1022 2438 1270 2509 hujusce
1290 2438 1379 2494 vel
1402 2438 1673 2494 auditum
1703 2453 1854 2509 aegre
1884 2437 2005 2493 fer-

353 2528 461 2596 ret;
492 2525 837 2599 indignatus
859 2527 1015 2599 quod
1047 2527 1389 2598 hujusmodi
1419 2527 1721 2599 quidpiam
1751 2526 1843 2583 vel
1874 2543 2008 2599 pro-

354 2615 509 2673 ferre
539 2632 724 2674 ausus
752 2616 1001 2685 fuisset;
1032 2616 1443 2689 imperatorem
1473 2616 1667 2671 verbis
1720 2614 1845 2671 suis
1877 2632 2007 2687 per-

360 2702 596 2761 culsum
626 2705 699 2761 de
727 2706 1019 2762 sententia
1045 2706 1306 2772 deduxit,
1338 2711 1513 2776 atque
1545 2705 1625 2761 ita
1653 2705 1712 2759 in
1758 2703 2009 2776 patriam

352 2796 419 2848 et
441 2791 504 2847 in
536 2791 854 2849 Ecclesium
884 2810 1052 2849 suam
1084 2795 1440 2867 remigravit.
1468 2793 1610 2870 .Sed,
1643 2810 1778 2849 cum
1828 2793 2009 2848 hare-

357 2879 462 2936 tici
481 2879 640 2937 haud
662 2881 790 2938 sine
801 2882 1055 2953 querelis
1076 2882 1413 2939 etlamentis
1431 2884 1621 2939 denuo
1639 2882 2007 2954 instigarent,

365 2967 745 3026 hortarentur
773 2970 1048 3043 eunuchi,
1083 2988 1149 3027 ac
1180 2972 1370 3044 magis
1419 2971 1726 3044 magisque
1755 2970 2007 3027 concita-

360 3057 749 3128 rent,litteras
768 3060 1007 3116 demum
1024 3061 1343 3132 imperator
1359 3059 2009 3127 mittit,intermiuatur-

352 3162 500 3219 que:
529 3146 671 3205 hinc
693 3149 911 3206 Hosius
926 3149 1184 3205 afﬁcitur
1203 3149 1792 3221 contumeliis,neque
1812 3154 2009 3205 tamen

2112 2080 2276 2149 ἡνίκα
2306 2081 2425 2153 (60)
2470 2080 2561 2135 xui
2610 2075 2862 2156 Λιϐἑριον
2903 2079 3040 2134 κατά
3087 2079 3188 2148 τήν
3242 2079 3421 2153 ἀρχὴν
3474 2076 3772 2152 ἐπείραζεν.

2116 2167 2377 2223 Ἐλθόντα
2407 2165 2473 2239 δή
2508 2166 2598 2224 οῦν
2631 2168 2791 2223 αὐτὸν
2823 2167 3004 2239 ἠξίου,
3052 2166 3144 2222 καὶ
3191 2166 3492 2243 προέτρεπε
3538 2168 3608 2222 τὰ
3648 2189 3772 2222 συν-

2114 2260 2222 2329 ήθη
2258 2256 2460 2333 λέγων,
2493 2259 2575 2321 οἷς
2607 2256 2673 2328 δὴ
2729 2257 2820 2313 καὶ
2849 2257 2978 2320 τοὺς
3007 2254 3216 2318 ἄλλους
3256 2256 3462 2327 ἀπατᾷν
3500 2255 3771 2330 ἐνόμιζεν,

2111 2347 2203 2401 τίνα
2229 2349 2345 2402 καθ’
2382 2348 2540 2420 ἡμῶν
2596 2348 2691 2421 μὲν
2739 2348 2945 2421 γράψῃ,
2994 2346 3132 2420 πρὸς
3183 2342 3240 2400 δὲ
3284 2344 3414 2407 τοὺς
3458 2344 3776 2422 Ἀρειανοὺς

2118 2433 2221 2513 ἔχῃ
2247 2438 2347 2507 τὴν
2380 2437 2692 2495 κοινωνίαν.
2730 2443 2784 2489 '0
2817 2434 2875 2490 δὲ
2903 2436 3101 2512 γέρων,
3125 2434 3216 2489 καὶ
3244 2436 3343 2505 τὴν
3380 2434 3547 2504 ἀκοὴν
3590 2431 3775 2507 ἀηδῶς

2119 2527 2338 2601 ἐνέγκας
2367 2573 2380 2597 ,
2428 2526 2519 2581 καὶ
2569 2524 2855 2597 λυπηθεὶς,
2907 2524 2991 2579 δτι
3043 2523 3138 2579 κᾶν
3190 2522 3337 2586 ὅλως
3390 2522 3679 2602 ἐφθέγξατό
3723 2543 3776 2578 τι

2116 2620 2386 2686 τοιοῦτον,
2431 2613 2757 2686 ἐπιπλήξας,
2809 2614 2899 2669 καὶ
2948 2614 3137 2675 πείσας
3190 2611 3372 2684 αὐτὸν,
3425 2612 3771 2689 ἀνεχώρησεν

2120 2706 2197 2767 εἰς
2226 2706 2324 2774 τήν
2378 2702 2615 2775 πατρίδα
2658 2704 2751 2758 καὶ
2797 2704 2897 2773 τήν
2946 2700 3276 2771 Ἐκκλησίαν
3327 2702 3539 2759 ἑαυτοῦ.
3601 2699 3781 2756 Ἀλλὰ

2117 2798 2225 2848 τῶν
2258 2794 2540 2869 αἱρετικῶν
2593 2790 3049 2869 ἀποδυρομένων,
3095 2790 3186 2846 καὶ
3234 2788 3399 2845 πάλιν
3448 2789 3782 2865 παροξυνόν-

2117 2903 2247 2955 των,
2291 2883 2409 2958 εἶχε
2462 2880 2520 2937 δὲ
2567 2883 2659 2936 καὶ
2708 2881 2837 2943 τοὺς
2887 2880 3184 2957 εὐνούχους
3239 2880 3780 2953 ὑπομιμνήσκοντας,

2120 2970 2215 3025 καὶ
2264 2968 2480 3043 μᾶλλον
2542 2969 2959 3044 παροξύνοντας,
3014 2970 3210 3047 γράφει
3261 2968 3453 3023 λοιπὸν
3517 2964 3780 3044 βασιλεὺς

2130 3061 2264 3134 μετᾶ
2309 3057 2543 3129 ἀπειλῆς
2575 3078 2588 3092 ·
2623 3060 2710 3115 καὶ
2759 3053 3035 3136 ὑϐρίζεται
3085 3059 3179 3132 μὲν
3237 3059 3266 3113 6
3325 3058 3531 3127 Ὀσιος,
3581 3055 3643 3111 οὐ
3699 3076 3787 3111 κι-

2121 3155 2297 3205 νεῖται
2331 3146 2388 3204 δὲ
2419 3146 2508 3203 διὰ
2536 3149 2627 3204 τὸν
2660 3142 2830 3227 φόϐον
2861 3155 2965 3218 τῆς
2990 3143 3293 3215 ἐπιϐουλῆς
3332 3166 3344 3179 ·
3377 3142 3504 3200 ἀλλ’
3532 3145 3781 3217 έστηκὼς

365 3235 725 3294 insidiarum
750 3242 909 3295 metu
931 3239 1003 3295 de
1032 3240 1322 3295 sententia
1350 3238 1697 3296 dimovetur.
1723 3240 1857 3307 Sed,
1875 3255 1998 3294 cum

2118 3244 2198 3311 τῷ
2253 3241 2586 3316 φρονήματι.
2658 3238 2749 3293 καὶ
2819 3236 2907 3291 ἐπὶ
2954 3239 3056 3307 τήν
3124 3236 3321 3310 πέτραν
3399 3231 3776 3307 οἰκοδομήσας

365 3329 655 3397 perstaret
682 3327 893 3384 ﬁrmus
921 3327 981 3383 in
1010 3327 1306 3400 proposito
1336 3345 1480 3385 suo:
1533 3345 1668 3384 cum
1718 3328 1853 3384 ﬁdei
1885 3345 2005 3383 suae

2121 3329 2312 3383 ἑαυτοῦ
2340 3329 2438 3397 τήν
2489 3334 2591 3397 τῆς
2631 3326 2868 3388 πίστεως
2905 3325 3104 3395 οἰκίαν,
3160 3323 3593 3402 έπαρῥησιάξετο
3641 3325 3780 3378 κατὰ

357 3393 603 3471 domum
633 3432 814 3489 supra
842 3393 1069 3489 petram
1116 3393 1482 3483 aadiﬁcasset,
1532 3417 1837 3489 nihiloque
1865 3417 1998 3473 vali-

2117 3423 2217 3487 τῆς
2249 3393 2799 3493 αἱρέσεωςςρανίδας
2841 3415 2931 3470 καὶ
2979 3393 3148 3477 πνοάς
3462 3393 3776 3489 ἡγούμενος

358 3502 554 3560 diores
563 3519 740 3576 quam
755 3505 1397 3578 stillas,ventorumquc
1414 3506 1603 3577 flatas,
1622 3505 2004 3577 epistolarum

357 3591 555 3649 minas
574 3597 889 3666 reputaret,
914 3612 1048 3651 cum
1078 3595 1295 3651 ﬁducia
1313 3596 1595 3651 adversus
1614 3595 1883 3652 haeresim
1913 3595 2003 3651 lo-

359 3685 532 3739 cutus
562 3687 671 3739 est.
702 3682 1002 3756 Plerisque
1029 3684 1209 3756 igitur
1228 3701 1263 3739 a
1290 3683 1630 3740 Constantio
1660 3684 1860 3741 missis
1889 3685 2006 3757 epi-

360 3769 549 3840 stolis,
579 3771 681 3829 ubi
713 3774 886 3829 modo
915 3773 1108 3829 virum
1153 3772 1506 3831 adulabatur
1553 3774 1720 3845 quasi
1753 3779 2000 3847 patrem,

355 3860 530 3918 modo
546 3851 1258 3934 minabatur.exsulesque
1278 3862 1765 3929 uominabat,haec
1796 3864 1958 3920 aiens
1984 3882 1997 3919 :

351 3948 518 4007 Tune
537 3954 703 4008 sotus
728 3950 1056 4007 etiamnum
1077 3950 1282 4007 haeresi
1303 3951 1552 4007 infestus
1586 3955 1955 4024 permanebis
1974 3956 2002 4011 ‘2

354 4036 712 4111 Obsequere,
744 4056 811 4096 ac
841 4039 1031 4096 scribe
1061 4044 1264 4095 contra
1291 4040 1677 4097 Athanasium
1706 4059 1718 4097 :
1748 4043 1997 4114 quicun-

354 4141 471 4197 que
500 4125 658 4182 euim
687 4127 970 4184 adversus
989 4128 1159 4184 illum
1181 4128 1498 4201 scripserit,
1516 4129 1611 4186 hic
1632 4131 1800 4203 plane
1832 4134 1995 4191 Aria-

359 4214 490 4273 nice
531 4214 840 4273 uobiscum
862 4217 1112 4287 sentiet;
1164 4218 1310 4274 nihil
1332 4218 1730 4278 reformidavit
1756 4222 1991 4294 Hosius,

349 4303 476 4377 sed,
505 4305 764 4363 tametsi
788 4307 1160 4364 contumeliis
1205 4307 1535 4379 lacessitus,
1581 4310 1704 4367 haec
1733 4312 1990 4383 scripsit.

310 4426 318 4432 -
342 4393 606 4467 Ejusque
624 4412 733 4453 nos
752 4395 1059 4469 epistolam
1074 4396 1348 4471 legimus,
1372 4402 1430 4455 et
1450 4399 1523 4455 ad
1544 4400 1763 4457 calcem
1779 4417 1849 4457 ea
1865 4401 1996 4473 ipsa

345 4482 642 4557 descripta
668 4489 781 4542 est.

344 4572 539 4630 Hosius
571 4573 893 4633 Constantio
921 4576 1242 4649 imperatori
1268 4579 1331 4633 in
1358 4578 1590 4635 Domino
1618 4580 1872 4638 salutem.
1981 4643 1986 4648 ,

415 4661 506 4719 44.
538 4663 657 4736 Ego
681 4665 806 4737 jam
837 4664 1065 4737 pridem
1096 4667 1399 4723 confessus
1421 4684 1718 4737 sum,cum
1750 4670 1860 4725 sub
1883 4687 1988 4727 avo

2113 3508 2210 3569 τὰς
2240 3506 2299 3561 ἐκ
2324 3510 2432 3560 τῶν
2465 3506 2804 3582 γραμμάτων
2852 3502 3101 3568 ἀπειλάς.
3152 3501 3436 3565 Πολλάκις
3478 3507 3610 3579 γοῦν
3642 3503 3778 3579 γρά-

2114 3599 2312 3669 ψαντος
2357 3594 2730 3650 Κωνσταντίου
2758 3640 2773 3665 ,
2828 3594 2919 3649 καὶ
2964 3594 3034 3648 τὰ
3084 3593 3179 3667 μὲν
3240 3589 3637 3653 κολακεύοντος
3697 3590 3775 3654 ὡς

2112 3686 2335 3761 πατέρα,
2395 3685 2463 3739 τὰ
2520 3681 2579 3739 δὲ
2634 3681 3011 3755 ἀπειλοῦντος,
3070 3680 3161 3736 καὶ
3219 3680 3348 3743 τοὺς
3396 3679 3765 3755 ἐξορισθέντας

2117 3771 2505 3845 ὀνομάζοντος,
2535 3771 2626 3825 καὶ
2657 3769 2939 3845 λέγοντος.
2970 3775 3092 3825 Ἔτι
3149 3768 3211 3823 σὺ
3263 3767 3430 3841 μόνος
3466 3768 3765 3843 τυγχάνεις

2113 3862 2142 3916 ὀ
2197 3862 2334 3917 κατά
2388 3868 2490 3931 τῆς
2542 3862 2799 3935 αἱρέσεως
2844 3856 3171 3931 ςΠείσθητι,
3221 3858 3310 3913 καὶ
3361 3858 3569 3935 γράψον
3626 3857 3767 3911 κατά

2112 3950 2428 4027 Ἀθανασίου
2464 3969 2477 3981 ·
2506 3951 2534 4004 ὁ
2566 3951 2669 4027 γὰρ
2719 3954 2833 4004 κατ’
2882 3947 3091 4003 ἐκείνου
3138 3947 3363 4025 γράφων
3420 3947 3640 4009 πάντως
3695 3945 3768 4000 τὰ

2111 4026 2398 4114 ’Δρειανῶν
2455 4040 2567 4112 μεθ’
2615 4041 2776 4112 ἡμῶν
2830 4040 3091 4115 φρονήσει
3120 4056 3132 4068 ·
3166 4035 3228 4090 οὐ
3274 4031 3700 4111 κατοῤῥωδήσας
3733 4034 3765 4089 6

2106 4133 2312 4202 ”Οσιος,
2346 4126 2491 4183 ἀλλὰ
2529 4128 2621 4183 καὶ
2669 4129 2897 4204 πάσχων
2950 4121 3153 4200 ὕϐρεις,
3202 4120 3408 4201 ἔγραψε
3454 4123 3546 4178 καὶ
3596 4122 3762 4185 αὐτος

2105 4223 2345 4290 τοιαῦτα,
2377 4218 2466 4273 καὶ
2496 4219 2596 4287 τὴν
2646 4214 2941 4285 ἐπιστολὴν
2997 4215 3333 4290 ἀνέγνωμεν,
3382 4213 3475 4268 καὶ
3522 4207 3665 4267 ἔστιν
3701 4210 3758 4267 έν

2102 4312 2182 4380 τῷ
2208 4304 2354 4363 τέλει
2386 4308 2741 4384 γεγραμμένη
2777 4308 2909 4380 (61).

2102 4580 2282 4641 Ὀσιος
2340 4575 2698 4649 Κωνσταντίῳ
2760 4572 2977 4652 βασιλεῖ
3024 4574 3075 4632 ἐν
3140 4573 3324 4651 Κυρίῳ
3360 4571 3574 4650 χαίρειν

2170 4671 2259 4725 44.
2294 4668 2435 4742 Ἐγὼ
2472 4668 2564 4741 μὲν
2614 4663 2959 4742 ὡμολόγησα
3000 4664 3090 4720 καὶ
3119 4665 3182 4719 τὸ
3224 4667 3466 4738 πρῶτον,
3500 4661 3590 4717 ὅτε
3619 4658 3752 4716 διω-

343 4753 447 4807 tuo
475 4751 828 4810 Maximiano
857 4755 1184 4826 persecutio
1240 4760 1627 4829 grassaretur.
1657 4758 1820 4821 Quod
1853 4759 1903 4815 si
1924 4764 1988 4817 tu

2115 4757 2238 4833 (μὸς
2268 4757 2488 4832 γέγονεν
2524 4755 2611 4810 ἐπὶ
2657 4759 2737 4827 τῷ
2778 4755 2987 4827 πάππῳ
3038 4774 3134 4807 σου
3181 4751 3522 4825 Μαξιμιανῷ.
3563 4750 3629 4805 Ei
3659 4750 3753 4805 xui

339 4855 577 4913 quoque
600 4858 695 4898 me
715 4844 1413 4916 persequaro,etiamnum
1434 4846 1507 4901 ad
1534 4846 1766 4917 quidvis
1797 4849 1990 4920 potius

339 4927 714 4987 tolerandum
743 4936 986 5003 paratus
1018 4950 1172 5005 sum,
1197 4935 1351 5005 quod
1383 4939 1446 4990 ut
1474 4934 1779 4991 innoxium
1810 4938 1990 4995 effun-

338 5018 480 5076 dam
510 5021 882 5092 sanguinem,
914 5022 1336 5093 veritatemque
1376 5024 1622 5094 prodam
1649 5040 1661 5079 :
1720 5030 1891 5097 teque
1919 5042 1986 5082 eo

338 5107 514 5165 modo
533 5109 889 5165 scribentem
905 5126 970 5166 ac
994 5110 1473 5167 intermiuantem
1498 5112 1742 5169 minime
1773 5132 1983 5188 appro-

333 5195 429 5253 bo.
461 5197 672 5254 Desine
687 5199 886 5271 itaque
915 5198 1056 5256 talia
1076 5200 1425 5267 scribere,ac
1451 5217 1586 5257 cum
1607 5202 1744 5259 Ario
1761 5222 1833 5260 ne
1854 5222 1983 5263 seu-

334 5285 471 5354 tias,
502 5304 608 5343 nec
638 5287 963 5346 Orientales
992 5289 1221 5356 audias,
1254 5306 1366 5345 neu
1398 5291 1634 5348 Ursacio
1673 5297 1730 5348 et
1757 5293 1982 5351 Valenti

333 5372 553 5433 habeas
573 5375 771 5433 ﬁdem.
806 5378 953 5435 Nam
980 5396 1108 5451 quae
1136 5379 1415 5435 effutiunt
1436 5380 1541 5451 illi,
1578 5399 1692 5438 non
1719 5383 1982 5441 Athana-

334 5463 737 5534 siicausa,sed
758 5466 998 5524 haeresis
1044 5485 1164 5525 suae
1185 5470 1373 5541 gratia
1419 5468 1761 5541 loquuntur.
1804 5475 1981 5531 Crede

429 5623 523 5762 58;
550 5623 639 5708 Ita
668 5625 810 5699 Reg.
841 5631 899 5684 et
923 5627 1102 5685 Basil.
1135 5628 1307 5696 Editi,
1340 5624 1746 5702 περιλείπηται.

429 5694 499 5748 59
550 5696 646 5751 Sic
675 5697 816 5762 Reg.
850 5699 1027 5762 Dditi,
1058 5698 1261 5759 πάντας
1288 5700 1405 5762 τάς,
1438 5702 1736 5760 mendose.

406 5623 523 5836 £58;
550 5623 639 5708 Ita
668 5625 810 5699 Reg.
841 5631 899 5684 et
923 5627 1102 5710 Basil.
1135 5628 1307 5696 Editi,
1340 5624 1736 5702 περιλείπηται.

428 5694 499 5748 59
550 5696 646 5751 Sic
675 5697 816 5771 Reg.
850 5700 1027 5766 Ddlti,
1058 5698 1261 5759 πάντας
1288 5700 1405 5771 τάς,
1438 5702 1736 5760 mendose.

428 5765 527 5836 60),
550 5766 814 5826 Nannius
846 5770 994 5828 forte
1022 5770 1191 5829 aliter
1217 5770 1380 5836 legit,
1412 5788 1549 5829 nam
1574 5776 1736 5833 vertit

428 5765 532 5851 60),
550 5765 814 5826 Nannius
846 5770 994 5828 forte
1022 5770 1191 5829 aliter
1217 5765 1549 5847 legit,'uam
1574 5776 1767 5849 vertit,
1798 5795 1980 5851 quem-

336 5834 649 5896 admodum.

2100 4846 2162 4900 σύ
2199 4867 2265 4919 με
2313 4843 2550 4929 διώκεις,
2585 4840 2807 4917 ἕτοιμος
2863 4844 2954 4898 καὶ
3006 4846 3097 4897 νῦν
3146 4847 3248 4897 πᾶν
3305 4842 3483 4895 ὁτιοῦν
3548 4838 3755 4912 ὑπομέο

2096 4956 2224 5006 νειν,
2284 4934 2319 5003 ἢ
2382 4926 2625 4989 ἐκκενοῦν
2689 4934 2862 4987 ἀθῶον
2916 4932 3070 5005 αἷμα,
3127 4930 3216 4985 καὶ
3274 4926 3593 5005 προδιδόναι
3646 4929 3750 4998 τὴν

2098 5022 2354 5095 ἀλήθειαν
2397 5046 2409 5059 -
2443 5025 2501 5078 σὲ
2551 5021 2608 5077 δὲ
2662 5022 2761 5077 οὐκ
2808 5018 3153 5097 ἀποδέχομαι
3200 5023 3424 5074 τοιαῦτα
3472 5019 3755 5097 γράφοντα

2093 5116 2183 5169 xui
2217 5111 2566 5169 ἀπειλοῦντα.
2613 5116 2817 5167 Παῦσαι
2866 5115 2961 5165 τοῦ
3009 5113 3234 5164 τοιαῦτα
3262 5109 3510 5187 γράφειν,
3542 5106 3632 5162 xui
3669 5107 3749 5180 μή

2095 5204 2276 5281 φρόνει
2308 5204 2374 5257 τά
2405 5202 2636 5278 Ἀρείου,
2671 5200 2811 5275 μηδὲ
2844 5200 3004 5255 ἄκουε
3050 5204 3157 5253 τῶν
3211 5196 3570 5269 ἀνατολικῶν,
3604 5193 3753 5270 μηδὲ

2092 5294 2309 5348 πίστευε
2352 5298 2469 5355 τοῖς
2518 5293 2641 5367 περὶ
2691 5290 2986 5365 Οὖρσάκιον
3038 5289 3128 5344 καὶ
3171 5287 3466 5343 Οὐάλεντα.
3521 5290 3591 5341 "A
3640 5286 3752 5361 γὰρ
3837 5292 3843 5295 ’

2094 5383 2287 5439 ἐκεῖνοι
2320 5381 2595 5456 λέγουσιν,
2645 5380 2706 5435 οὐ
2759 5379 2828 5435 δι’
2857 5380 3168 5437 Ἀθανάσιον
3217 5378 3564 5456 φθέγγονται,
3599 5372 3753 5430 ἀλλὰ

2092 5470 2182 5529 διὰ
2236 5474 2334 5541 τὴν
2398 5470 2535 5526 ἰδίαν
2597 5468 2798 5546 α’ίρεσιν
2835 5515 2849 5528 .
2881 5469 3107 5524 Πίστευέ
3169 5488 3309 5541 μοι,
3366 5466 3747 5537 Κωνστάντιε,

2160 5635 2273 5707 (61)
2304 5634 2463 5707 Hanc
2487 5633 2797 5707 epistolam
2829 5633 2900 5689 ad
2932 5632 3152 5689 calcem
3173 5630 3594 5703 conscriptam,
3625 5627 3752 5687 huc

2087 5706 2517 5763 transtulerunt
2547 5722 2958 5762 amanuenses.

2160 5777 2273 5856 (62)
2305 5777 2535 5835 Titulus
2562 5777 2818 5853 epistolae
2847 5794 2963 5835 non
2986 5775 3237 5834 habetur
3263 5773 3326 5832 in
3358 5772 3502 5849 Reg.
