4132 6374
378 421 497 487 ’1ιὸ

1319 419 1694 488 HISTORIA
1735 419 2213 487 ARIANORUM
2254 422 2360 487 AD
2405 421 2854 490 MONACHOS.

3670 420 3790 488 ’746

379 557 602 619 πάππος
634 546 750 630 εἶμί
780 573 874 610 σου
903 553 1019 611 καθ’
1066 547 1287 624 ἠλικίαν
1324 577 1337 589 ο
1373 555 1638 630 ἐγενόμην
1684 554 1842 617 αὐτὸς
1874 554 1924 610 ἐν
1956 560 2024 628 τῇ

2142 557 2306 625 mihi,
2330 559 2654 625 Constanti,
2685 561 2783 632 qui
2807 577 2908 632 per
2927 559 3156 617 aetatem
3179 574 3322 618 avus
3340 557 3482 618 tuus
3504 573 3634 618 esse
3660 575 3793 633 pos-

378 647 514 702 κατὰ
565 643 835 722 Σαρὸικῆν
868 648 980 719 (63)
1015 643 1244 717 συνόδῳ,
1295 643 1383 700 ὅτε
1432 645 1492 699 σύ
1536 667 1594 699 τε
1635 646 1724 700 καὶ
1774 647 1800 699 ὁ
1851 665 2018 718 μακα-

378 735 536 813 ρίτης
570 733 803 813 ἀδελφός
862 757 955 788 σου
1005 737 1254 796 Κώνστας
1300 737 1500 796 πάντας
1547 738 1695 807 ἡμᾶς
1729 737 2020 807 συνήγαγε.

314 830 322 836 ’
374 825 474 881 Καὶ
527 823 595 880 δι’
646 825 880 898 ἐμαυτοῦ
926 823 1052 885 τοῦς
1120 824 1347 899 ἐχθροὺς
1397 825 1710 880 Ἀθανασίου
1759 844 2022 899 προσεκα-

373 912 640 988 λεσάμην,
694 913 947 975 ἐλθόντας
998 913 1190 975 αὐτοὺς
1243 913 1318 975 εἰς
1369 916 1468 983 την
1523 913 1871 984 Ἐκκλησίαν,
1903 913 2022 988 ἐνῇ

370 1002 545 1076 ᾤκουν
599 1003 728 1076 ἐγὼ,
775 1003 867 1075 ἵν’,
905 1001 954 1056 εἶ’
998 1025 1049 1056 τι
1103 1002 1280 1078 ἔχοιεν
1332 1005 1446 1057 κατ’
1499 1004 1681 1070 αὐτοῦ,
1737 1002 1967 1078 λέγωσιν
2010 1049 2020 1060 .

372 1091 840 1167 ἐπαγγειλάμενος
875 1093 1059 1153 αῧτοῖς
1091 1093 1326 1167 θαρῥεῖνν
1359 1094 1447 1146 καὶ
1495 1095 1567 1165 μὴ
1606 1092 1744 1146 ἄλλο
1775 1114 1824 1146 τί
1855 1114 2024 1168 πΡ⁰⁵’

1493 1183 1505 1233 ἱ
1573 1189 1732 1235 πᾶσιν
1797 1180 2022 1236 ἔσεσθαι.

370 1276 538 1326 Τοῦτο
571 1269 627 1325 δὲ
659 1270 764 1346 οὐχ
798 1270 953 1340 ἅπαξ,
997 1269 1143 1324 ἀλλὰ
1173 1271 1260 1324 καὶ
1305 1269 1548 1346 δεύτερον
1602 1271 1854 1341 ἐποίησα,
1889 1293 2026 1345 προ-

372 1181 554 1254 δοκᾷν,
710 1181 866 1256 ὀρθὸν
940 1182 1000 1234 τὸ
1079 1185 1358 1256 κριτήριον
1421 1182 1505 1235 ἐπὶ
1573 1189 1732 1235 πᾶσιν

372 1361 608 1437 τρέπων,
660 1361 814 1433 εἰμή
861 1358 1068 1414 θέλοιεν
1120 1359 1204 1413 ἐπὶ
1251 1361 1432 1429 πάσης
1482 1368 1582 1430 τῆς
1632 1359 1879 1426 συνόδου,
1931 1361 2025 1415 κᾶν

375 1449 458 1505 ἐπ’
489 1449 624 1522 ἐμοῦ
661 1448 826 1523 μόνου
862 1471 873 1482 ·
910 1447 1375 1523 ἐπαγγειλάμενος
1428 1447 1613 1516 πάλιν,
1665 1449 1770 1519 ὅτι,
1821 1449 1878 1503 ἂν
1935 1450 2026 1521 μὲν

374 1539 667 1600 ὑπεύθυνος
728 1536 946 1613 δειχθῇ,
993 1539 1210 1599 πάντως
1261 1533 1705 1607 ἀποϐληθήσεται
1766 1539 1855 1592 καὶ
1906 1555 2031 1614 παρ’

370 1631 531 1702 ἡμῶν
568 1651 580 1662 ·
617 1628 675 1682 ἂν
713 1625 769 1682 δὲ
820 1627 1057 1687 ἀναίτιος
1116 1627 1328 1700 εὑρεθῇ,
1375 1628 1463 1681 καὶ
1516 1627 1709 1701 ἐλέγξῃ
1765 1629 2029 1704 συκοφάν-

369 1739 465 1780 τας
517 1718 655 1792 ὑμᾶς
687 1761 701 1785 ,
753 1717 797 1771 εἰ
848 1718 1194 1792 παραιτεῖσθε
1240 1717 1330 1769 τὸν
1383 1715 1696 1788 ἄνθρωπον,
1752 1717 1860 1791 ἐγὼ
1917 1717 2028 1788 μετ’

370 1807 607 1880 ἐμαυτοῦ
656 1807 826 1860 πείθω
879 1807 968 1859 τὸν
1021 1806 1333 1859 Ἀθανάσιον
1386 1804 1559 1860 ἐλθεῖν
1617 1806 1692 1868 εἷς
1744 1808 1840 1868 τὰς
1885 1813 2028 1859 Σπα-

365 1897 502 1960 νίας.
565 1896 664 1952 Καὶ
716 1897 743 1950 ὁ
809 1897 902 1969 μέν
965 1897 1281 1957 Ἀθανάσιος
1343 1895 1428 1949 ἐπὶ
1486 1895 1696 1957 τούτοις
1759 1895 2018 1966 ἐπείθετο,
2059 1935 2107 2000 Β

440 1989 452 2000 .
538 1986 551 2000 .
646 1988 658 2000 .
741 1985 780 2000 ,κ
1009 1985 1021 2000 ς
1096 1991 1116 1999 -
1253 1983 1292 2000 κ,
1455 1987 1467 2000 .
1626 1987 1634 2000 ,
1827 1987 1838 2000 .
1907 1988 1929 2000 λ
1985 1985 1996 2000 .

1253 1983 1292 2001 λς

365 1989 455 2042 καὶ
497 1986 596 2042 οὐκ
636 1985 918 2060 ἀντέλεγεν
954 2004 966 2016 ·
1006 1985 1201 2039 ἐκεῖνοι
1249 1985 1324 2052 δέ,
1373 1987 1508 2061 πρὸς
1565 1987 1738 2040 πάντα
1773 1987 1846 2059 μὴ
1905 1985 2030 2061 0αρ-

370 2077 611 2152 ῥοῦντες,
667 2074 797 2138 ἴσως
852 2076 1116 2130 ἀνένευον.
1169 2076 1416 2148 Ἐγένετο
1463 2073 1517 2129 δὲ
1571 2074 1734 2129 πάλιν
1789 2077 1816 2128 ὁ
1869 2076 2027 2129 Ἀθα-

369 2168 556 2228 νάσιος
616 2165 690 2228 εἷς
742 2167 804 2219 τὸ
869 2165 957 2219 σὸν
1015 2162 1415 2240 στρατόπεδον,
1475 2164 1637 2233 ἡνίκα
1699 2165 2029 2238 μετεπέμψω

372 2257 584 2332 γράψας
631 2255 798 2326 αὐτῷ,
852 2255 941 2309 καὶ
989 2253 1261 2328 παρόντας
1313 2253 1362 2308 ἐν
1416 2254 1549 2328 αὐτῇ
1598 2259 1666 2328 τῇ
1717 2253 2030 2328 Ἀντιοχείᾳ

372 2345 502 2407 τοὺς
563 2344 794 2420 ἐχθροὺς
853 2341 1125 2412 κληθῆναί
1197 2345 1400 2405 πάντας
1457 2345 1490 2412 ἦ
1553 2342 1774 2398 ἕκαστον
1853 2344 2026 2398 αὐτῶν

375 2435 628 2505 ἠξίωσεν,
673 2432 746 2487 ’ίν’
796 2434 828 2502 ἢ
887 2432 1200 2506 ἐλέγξωσιν,
1341 2431 1646 2508 ἐλεγχθῶσι
1682 2455 1692 2466 ·
1726 2433 1815 2486 καὶ
1855 2431 1946 2486 ’ίνα

379 2523 621 2600 παρόντα
651 2520 892 2592 δείξωσιν
927 2523 1038 2575 οἷον
1071 2520 1342 2596 λέγουσιν,
1378 2523 1410 2590 ἦ
1448 2523 1649 2576 ἀπόντα
1683 2524 1756 2595 μή
1803 2519 2028 2576 διαϐάλ-

380 2612 539 2670 λωσι.
575 2613 671 2666 Καὶ
707 2610 828 2666 οῦτε
859 2610 920 2665 συ
953 2612 1210 2685 λέγοντος
1243 2612 1481 2686 ἠνέσχου
1514 2615 1649 2684 (ti-’1),
1682 2609 2030 2666 ἀλλακάκεῖ-

377 2725 462 2758 νοι
494 2705 894 2778 παρῃτήσαντο.
931 2701 990 2754 Τί
1021 2702 1198 2754 τοίνυν
1252 2701 1465 2763 ἀκούεις
1518 2698 1593 2755 ἔτι
1642 2707 1748 2755 τῶν
1799 2700 2029 2755 κακολο-

377 2793 618 2868 γοῦντων
653 2790 810 2845 αὐτόν
847 2810 860 2858 ;
897 2795 1021 2851 Πῶς
1055 2791 1222 2865 ἀνέχῃ
1254 2789 1556 2852 Οὐάλεντος
1585 2793 1675 2845 καὶ
1707 2791 2029 2864 Οὖρσακίου,

375 2881 553 2938 καίτοι
610 2882 1056 2954 μετανοησάντων
1120 2879 1317 2946 αὐτῶν,
1370 2881 1460 2933 καὶ
1517 2879 1804 2958 ἐγγράφως
1855 2880 2027 2934 αὐτῶν

376 2970 843 3046 ὁμολογησάντων
896 2971 994 3038 τήν
1042 2969 1399 3046 συκοραντίαν
1437 2988 1449 3037 ;
1485 2967 1868 3043 Ὡμολόγησαν
1925 2972 2028 3044 γάρ

372 3061 432 3117 οὐ
462 3062 580 3138 βίαν
611 3060 890 3128 παθόντες,
927 3060 1002 3120 ὡς
1054 3057 1206 3111 αὐτοὶ
1261 3059 1709 3135 προφασίζονται,
1757 3058 1817 3111 οὗ
1867 3078 2024 3131 στρα-

369 3155 580 3206 τιωτῶν
640 3149 1033 3222 ἐπικειμένων,
1091 3147 1189 3201 οῦκ
1239 3145 1447 3209 εἰδότος
1495 3152 1591 3201 τοῦ
1644 3146 1880 3225 ἁδελςιοῦ
1933 3169 2026 3201 σου

374 3239 498 3314 (οὐκ
527 3239 770 3314 ἐγίγνετο
801 3240 906 3312 γαρ
939 3238 1064 3310 παρ’
1097 3236 1242 3308 αὐτῷ
1289 3242 1531 3304 τοιαῦτα,
1583 3238 1669 3290 οἷα
1718 3241 1806 3289 νῦν
1842 3236 2025 3311 γίγνε-

2134 648 2245 701 sim
2276 664 2286 702 :
2313 649 2642 704 Sardicensi
2684 650 2918 706 interfui
2951 651 3194 722 synodo,
3231 668 3345 724 quo
3377 654 3639 724 tempore
3666 654 3794 708 tute

2135 753 2200 790 ac
2232 737 2409 792 beatae
2439 739 2524 792 vir
2557 741 2851 794 memoriae
2913 740 3088 796 frater
3145 745 3285 796 tuus
3345 743 3655 808 Constans,
3687 757 3795 797 nos

2135 841 2338 881 omnes
2359 829 2736 883 convocastis.
2772 830 3016 901 Ipseque
3041 830 3314 886 inimicos
3336 830 3645 886 Athanasii
3665 846 3796 903 pro-

2133 916 2351 978 vocavi,
2387 934 2521 971 cum
2584 918 2640 971 in
2704 919 3044 985 Ecclesiam,
3101 919 3200 974 ubi
3233 919 3638 975 commorabar
3666 934 3794 992 ego,

2137 1004 2520 1068 advenissent,
2550 1011 2611 1060 ut
2635 1008 2680 1059 si
2708 1008 2844 1077 quid
2869 1007 2925 1060 in
2950 1009 3264 1064 Athanasio
3291 1009 3652 1080 culpandum
3690 1008 3795 1064 ha-

2137 1095 2360 1162 berent,
2384 1094 2438 1149 id
2461 1096 2880 1150 renuntiarent.
2904 1098 3100 1151 Fidem
3121 1099 3279 1164 dedi,
3300 1099 3798 1169 securitatemque

2139 1184 2402 1255 promisi,
2432 1190 2494 1238 ut
2517 1186 2660 1239 nihil
2688 1187 2794 1240 nisi
2832 1192 3055 1242 rectum
3095 1187 3154 1242 in
3200 1189 3477 1244 omnibus
3498 1187 3796 1260 judicium

2137 1278 2554 1344 exspectarent.
2588 1276 2645 1328 Id
2669 1292 2780 1329 non
2806 1275 2985 1329 semel
3008 1281 3260 1343 tantum,
3305 1278 3405 1333 sed
3455 1282 3510 1333 et
3532 1277 3622 1332 bis
3645 1293 3796 1350 pras-

2139 1363 2281 1430 stiti,
2315 1363 2605 1429 hortatus,
2641 1363 2689 1418 si
2723 1365 2944 1419 nollent
2975 1382 3169 1420 coram
3221 1370 3342 1422 tota
3372 1367 3615 1440 synodo,
3649 1364 3798 1421 mihi

2140 1451 2347 1506 saltem
2373 1451 2476 1506 soli
2502 1470 2622 1508 rem
2637 1453 2946 1508 deferrent.
2974 1455 3033 1508 Id
3050 1471 3282 1526 quoque
3303 1455 3598 1528 pollicitus
3618 1471 3753 1510 sum
3778 1471 3792 1510 :

2139 1541 2346 1595 Sireus
2365 1541 2836 1613 deprehendatur
2875 1543 3071 1612 homo,
3109 1545 3327 1600 anobis
3363 1545 3536 1617 plane
3557 1544 3796 1615 abjicie-

2139 1633 2265 1695 tur;
2301 1627 2392 1682 sin
2424 1627 2719 1695 innoxius,
2752 1647 2969 1702 vosque
2992 1631 3380 1704 sycophantas
3417 1632 3712 1705 probarit:
3748 1632 3799 1688 si

2139 1717 2524 1772 nihilominus
2557 1717 2721 1773 illum
2756 1721 3186 1787 recusaveritis,
3219 1721 3541 1777 Athanasio
3563 1737 3803 1793 persua.

2139 1805 2306 1871 debo,
2332 1811 2395 1860 ut
2422 1823 2651 1862 mecum
2675 1807 2733 1862 in
2766 1808 3080 1880 Hispanias
3118 1810 3544 1881 proficiscatur.
3576 1809 3804 1882 Hisque

2139 1895 2574 1951 conditionibus
2631 1896 2776 1952 citra
2842 1899 3293 1970 repugnantiam
3355 1898 3807 1972 obtemperabat

2146 1984 2617 2040 Athanasiuleli
2631 2003 2762 2041 vero
2778 1987 2951 2041 rebus
2967 1987 3206 2042 omnino
3219 1988 3341 2044 suis
3355 1987 3727 2060 difﬁsi,a:que
3741 1985 3800 2041 id

2141 2074 2492 2128 abnuerunt.
2513 2075 2849 2146 Iterumque
2869 2077 3339 2132 ubiAthanasius
3371 2078 3442 2133 ad
3459 2083 3628 2134 tuum
3643 2096 3806 2136 exer-

2140 2163 2322 2218 citum
2351 2180 2413 2218 se
2437 2163 2709 2219 contulit:
2732 2181 2865 2219 cum
2884 2170 2947 2219 tu
2968 2164 3132 2221 illum
3150 2165 3362 2221 litteris
3379 2167 3497 2222 tuis
3515 2168 3802 2240 accivisti,

2139 2251 2410 2306 inimicos
2433 2251 2528 2307 ille
2551 2269 2689 2308 suos
2713 2253 2812 2324 qui
2835 2258 2960 2309 tum
3014 2255 3116 2326 ibi,
3165 2255 3488 2310 Antiochia:
3510 2257 3799 2327 videlicet,

2140 2342 2546 2407 versabantur,
2570 2342 2657 2397 vel
2674 2359 2878 2398 omnes
2892 2360 3028 2414 una,
3044 2344 3132 2398 vel
3148 2343 3414 2417 singulos
3433 2346 3701 2402 advocari
3716 2365 3805 2404 ro-

2141 2431 2314 2501 gavit.
2337 2435 2515 2485 utaut
2531 2448 2589 2486 se
2604 2448 2706 2485 con
2719 2432 3034 2498 vincerent,
3056 2439 3155 2488 aut
3169 2433 3798 2508 convincerenturipsi;

2140 2524 2196 2574 et
2219 2535 2280 2574 se
2302 2519 2385 2573 vel
2405 2536 2597 2575 coram
2621 2522 2855 2592 qualem
2881 2538 3008 2577 esse
3034 2523 3307 2578 dicebant
3327 2525 3798 2597 comprobarent,

2139 2607 2227 2663 vel
2248 2609 2545 2663 absentem
2564 2627 2674 2664 non
2694 2611 3214 2668 calumniarentur.
3233 2612 3451 2669 Verum
3465 2631 3570 2670 nec
3594 2619 3656 2670 tu
3670 2614 3798 2670 haec

2140 2697 2355 2752 dicenti
2376 2716 2596 2753 morem
2615 2701 2992 2771 gessisti,imo
3010 2701 3094 2756 illi
3110 2701 3461 2758 abnuerunt.
3481 2703 3806 2778 Curitaque

2140 2789 2463 2843 etiamnum
2480 2790 2894 2845 obtrectatores
2909 2793 2958 2862 ej
2970 2809 3037 2846 us
3052 2791 3674 2849 audis?CurUrsacium
3687 2797 3804 2850 Va-

2140 2876 2472 2949 lentemque
2491 2879 2725 2944 toleras,
2745 2881 2977 2935 tametsi
3000 2879 3083 2934 illi
3108 2882 3510 2953 paenitentiam
3529 2888 3794 2956 egerunt,

2140 2967 2617 3039 calumniamque
2641 2986 2807 3024 suam
2831 2969 3044 3041 scripto
3067 2971 3317 3026 confessi
3335 2972 3515 3026 sunt?
3536 2971 3800 3029 Confessi

2139 3062 2298 3121 sunt,
2325 3057 2589 3127 inquam,
2614 3075 2727 3112 non
2755 3060 2908 3115 293
2931 3059 2983 3113 vi
3013 3059 3218 3127 coacti,
3247 3064 3314 3114 ut
3335 3060 3799 3117 obtenduntilli:

2137 3162 2252 3200 non
2279 3147 2624 3218 urgentibus
2646 3147 2953 3216 militibus,
2971 3166 3084 3203 non
3100 3149 3331 3204 conscio
3347 3149 3521 3204 fratre
3535 3153 3660 3205 tuo:
3681 3167 3798 3207 non

2135 3234 2275 3288 talia
2299 3236 2516 3307 quippe
2540 3238 2647 3290 sub
2672 3236 2788 3299 illo,
2811 3236 3011 3308 qualia
3025 3237 3119 3292 his
3138 3237 3525 3310 temporibus,
3545 3239 3803 3311 ageban-

370 3351 480 3398 ται,
519 3330 593 3401 μὴ
628 3329 840 3403 γένοιτο
876 3329 935 3400 ί),
973 3323 1096 3380 ἀλλ’
1131 3325 1280 3380 αὐτοὶ
1332 3323 1578 3386 θέλοντες
1611 3327 1821 3387 ἑαυτοῖς
1854 3324 2021 3395 ἀνῆλ-

2139 3326 2257 3388 tur;
2275 3323 2453 3377 absit!
2473 3326 2571 3379 sed
2598 3324 2748 3379 ultro
2773 3325 2883 3396 ipsi
2908 3327 3151 3381 Romam
3172 3327 3435 3396 profecti,
3461 3310 3657 3384 coram
3680 3329 3806 3401 epi-

373 3421 463 3473 θον
499 3417 574 3479 εἷς
606 3419 703 3486 την
737 3418 978 3488 Ῥώμην,
1012 3416 1100 3469 καὶ
1147 3419 1242 3469 τοῦ
1295 3413 1588 3469 ἐπισκόπου
1633 3415 1720 3468 καὶ
1752 3420 1858 3468 τῶν
1892 3435 2022 3490 πρε-

374 3503 646 3581 σϐυτέρων
705 3505 986 3580 παρόντων
1039 3501 1272 3580 ἔγραψαν
1330 3523 1341 3534 ·
1396 3505 1697 3577 γράψαντες
1759 3504 2019 3579 πρότερον

374 3599 483 3669 (65)
515 3596 604 3650 καὶ
660 3594 958 3666 Ἀθανασίῳ
1006 3592 1228 3671 φιλικὴν
1265 3593 1353 3646 καὶ
1377 3592 1654 3667 εἷρηνικήν
1703 3591 2020 3662 ἐπιστολήν.

374 3686 433 3741 Εἰ
465 3683 523 3740 δὲ
561 3685 678 3760 βίαν
714 3684 1154 3762 προρασίζονται,
1205 3682 1293 3736 καὶ
1344 3686 1504 3736 τοῦτο
1554 3684 1880 3755 γινώσκουσι
1925 3703 2022 3736 κα-

369 3778 487 3844 κὸν,
523 3774 622 3829 οὐκ
655 3771 900 3848 ἀποδέγῃ
931 3771 986 3827 δὲ
1017 3770 1141 3826 οῦδέ
1193 3771 1254 3825 σῦ
1289 3790 1300 3802 ⁸
1334 3776 1530 3825 παῦσαι
1582 3777 1677 3826 τοῦ
1727 3774 2018 3845 βιάζεσθαι,

1831 3881 1842 3893 ·
1880 3859 2023 3914 ἀλλὰ

369 3954 459 4010 καὶ
499 3953 626 4014 τοὺς
656 3951 1019 4026 ἐξορισθέντας
1055 3948 1352 4018 ἀπόλυσον,
1401 3947 1492 4002 ’ίνα
1547 3952 1642 4021 μή,
1683 3949 1800 4024 βίαν
1836 3951 2019 4003 αἰτιω-

369 3867 460 3921 καὶ
523 3866 661 3937 μήτε
710 3864 920 3939 γράφε,
978 3864 1114 3935 μήτε
1162 3862 1343 3934 πέμπε
1389 3859 1637 3932 κόμητας
1686 3865 1794 3933 (liti)

375 4044 538 4118 μένου
596 4063 711 4112 σου,
777 4041 1028 4113 μείζονας
1083 4038 1203 4114 βίας
1265 4038 1462 4092 ἐκεῖνοι
1521 4043 1738 4092 ποιῶσι.
1801 4039 1859 4092 Τί
1918 4039 2020 4112 γὰρ

369 4137 616 4188 τοιοῦτον
677 4132 872 4205 γέγονε
920 4131 1066 4204 παρᾶ
1122 4129 1470 4190 Κώνσταντος
1523 4147 1535 4196 ;
1588 4128 1671 4189 τίς
1731 4127 2021 4190 ἐπίσκοπος

375 4221 635 4298 ἐξωρίσθη
676 4240 688 4289 ;
735 4220 866 4274 πότε
913 4220 1144 4294 κρίσεως
1203 4217 1657 4288 ἐκκλησιαστικῆς
1722 4220 1878 4291 μέσος
1938 4219 2024 4292 γέ-

375 4331 552 4387 γονε;
604 4315 760 4371 ποῖος
808 4309 970 4363 αὐτοῦ
1021 4306 1324 4369 Παλατῖνος
1380 4309 1653 4381 ἠνάγκασε
1699 4309 1834 4362 κατά
1879 4328 2025 4369 τινος

379 4402 728 4476 ὑπογράψαι,
775 4397 868 4452 ’ίνα
921 4399 971 4450 οἱ
1015 4399 1139 4471 περὶ
1190 4395 1464 4451 Οὐάλεντα
1510 4401 1731 4451 τοιαῦτα
1781 4395 2023 4472 λέγωσι;

377 4496 604 4561 Παῦσαι,
638 4485 957 4564 παρακαλῶ,
991 4486 1079 4540 καὶ
1117 4488 1406 4558 μνήσθητι,
1459 4485 1541 4538 ὅτι
1593 4486 1787 4555 Θνητὸς
1821 4486 2024 4559 ἄνθρω-

375 4602 477 4643 πος
507 4579 800 4654 τυγχάνεις
837 4599 847 4610 ·
891 4570 1165 4653 φοϐηθητι
1208 4575 1308 4642 τήν
1357 4576 1566 4648 ἡμέραν
1615 4582 1716 4642 τῆς
1746 4576 1977 4648 κρίσεως
2011 4594 2023 4604 ·

2134 3428 2331 3483 scepo,
2358 3417 2413 3468 et
2437 3414 2790 3485 presbyteris
2813 3415 2934 3470 hmo
2955 3415 3261 3487 scripsere,
3295 3433 3430 3471 cum
3455 3414 3628 3473 antea
3645 3417 3798 3474 ami-

2133 3517 2257 3555 cam
2294 3508 2349 3555 et
2383 3502 2681 3572 pacilicam
2714 3503 3023 3575 epistolam
3055 3505 3126 3559 ad
3159 3504 3550 3561 Athanasium
3592 3505 3792 3562 misis-

2134 3595 2280 3645 sent.
2345 3592 2503 3654 Quod
2560 3591 2607 3646 si
2663 3591 2780 3646 vim
2812 3593 2922 3647 sibi
2975 3593 3200 3649 illatam
3231 3595 3576 3664 obtendunt,
3608 3612 3790 3668 quam

2132 3678 2418 3750 illicitam,
2445 3686 2801 3751 agnoscant:
2837 3682 3004 3753 sique
3029 3685 3144 3738 vim
3179 3688 3303 3740 tute
3330 3701 3444 3740 non
3478 3685 3787 3758 approbes,

2133 3769 2332 3823 desine
2365 3771 2480 3822 vim
2512 3769 2744 3834 inferre,
2780 3789 2881 3826 nec
2910 3772 3152 3839 litteras,
3188 3789 3294 3828 nec
3333 3774 3577 3829 comites
3609 3775 3792 3831 mise-

2134 3859 2212 3911 ris
2239 3876 2251 3923 ;
2288 3860 2384 3913 sed
2421 3859 2648 3914 exsules
2683 3859 2934 3927 remitte,
2965 3879 3034 3916 ne
3057 3879 3190 3917 cum
3220 3868 3283 3918 tu
3303 3863 3421 3918 vim
3446 3864 3790 3936 redarguas,

2134 3949 2415 4018 majorem
2449 3949 2528 4003 illi
2560 3950 2677 4003 vim
2723 3956 3044 4005 exerceant.
3096 3951 3384 4014 Quidnam
3439 3953 3731 4024 ejusmodi
3761 3971 3796 4010 a

2132 4040 2444 4092 Constante
2478 4044 2672 4094 actum
2704 4046 2794 4094 est
2815 4041 2842 4094 ‘?
2903 4041 3036 4112 quis
3094 4041 3409 4114 episcoqus
3465 4042 3796 4099 exsulavit?

2133 4127 2507 4197 quandonam
2543 4127 2638 4181 ille
2660 4128 3073 4185 ecclesiasticis
3092 4131 3339 4202 judiciis
3363 4132 3596 4189 medius
3616 4133 3795 4189 inter-

2135 4216 2282 4270 fuit?
2299 4217 2432 4286 quis
2454 4217 2564 4271 sub
2583 4217 2680 4271 illo
2703 4219 3000 4289 palatinus
3017 4226 3220 4276 contra
3235 4237 3410 4291 quem
3426 4222 3796 4278 subscribere

2135 4305 2340 4377 coegit,
2365 4311 2430 4360 ut
2457 4305 2669 4362 Valens
2715 4323 2848 4361 cum
2898 4308 3052 4364 socio
3093 4310 3234 4365 talia
3267 4310 3793 4377 eﬁ‘utiat?Desine,

2137 4412 2332 4466 quaeso
2353 4400 2427 4464 te,
2463 4401 2518 4449 et
2549 4401 2843 4452 memento
2871 4401 2926 4452 te
2950 4397 3257 4454 mortalem
3296 4399 3598 4455 hominem
3623 4415 3792 4456 esse:

2139 4485 2498 4554 timejudicii
2520 4485 2695 4550 diem,
2720 4490 2892 4557 teque
2915 4487 3038 4558 ipse
3060 4487 3367 4543 innoxium
3389 4489 3461 4544 ad
3483 4505 3614 4546 eam
3635 4489 3792 4545 diem

2137 4574 2455 4628 custodias.
2492 4575 2570 4629 Ne
2601 4579 2656 4629 te
2687 4576 2862 4630 rebus
2900 4574 3148 4631 misceas
3197 4577 3644 4647 ecclesiasticis;
3677 4593 3794 4634 neu

377 4668 612 4750 φύλαξον
682 4667 898 4722 σεαυτὸν
979 4665 1054 4726 εἷς
1130 4663 1337 4734 ἐκείνην
1414 4664 1664 4738 καθαρόν.
1749 4666 1831 4732 Μὴ
1890 4664 2024 4718 τίθει

2138 4664 2306 4718 nobis
2339 4663 2429 4717 his
2463 4664 2533 4718 de
2562 4664 2734 4719 rebus
2765 4670 3053 4738 prmeepta
3096 4666 3382 4734 mandes;
3428 4668 3529 4722 sed
3561 4685 3595 4723 a
3622 4666 3794 4724 nobis
3839 4731 3843 4736 κ

376 4760 594 4816 σεαυτὸν
643 4757 718 4818 εἷς
765 4757 830 4810 τὰ
879 4751 1299 4824 ἐκκλησιαστικά
1332 4773 1344 4785 ·
1385 4751 1523 4825 μηδέ
1556 4752 1616 4806 σὺ
1665 4753 2024 4828 περὶτούτων

376 4852 511 4923 ἡμῖν
544 4843 916 4924 παρακελεύου
953 4863 964 4875 ·
1000 4842 1145 4898 ἀλλὰ
1180 4840 1390 4916 μᾶλλον
1426 4843 1552 4916 παρτ
1579 4844 1740 4913 ἡμῶν
1793 4842 1852 4895 σῖ)
1891 4845 2026 4914 μάν-

375 4941 499 4994 Θανε
526 4941 711 4992 ταῦτα.
764 4934 859 4988 Σοὶ
914 4932 1189 5008 βασιλείαν
1225 4933 1252 4987 ὁ
1305 4933 1434 4992 Θεὸς
1482 4930 1802 5006 ἐνεχείρισεν
1843 4950 1852 4960 ·

374 5030 441 5083 τὰ
469 5034 572 5095 τῆς
602 5023 926 5094 Ἐκκλησίας
981 5022 1273 5077 ἐπίστευσε.
1329 5021 1424 5074 Καὶ
1477 5020 1655 5095 ὥσπερ
1707 5021 1734 5074 ὁ
1782 5022 1878 5089 τὴν
1928 5023 2025 5090 σὴν

1890 4935 1922 5000 ἡ
1936 4939 2024 5004 μῖν

381 5117 558 5194 ἀργὴν
613 5111 966 5170 ὑποκλέπτων
1021 5113 1291 5186 ἀντιλέγει
1338 5115 1417 5182 τῷ
1468 5108 1837 5182 διαταξαμένῳ
1892 5115 2026 5182 Θεῷ,

380 5207 524 5261 οὕτω
573 5200 846 5283 φοϐηθητι
909 5203 983 5274 μή
1035 5201 1124 5255 καὶ
1175 5200 1258 5272 σὺ,
1306 5201 1372 5253 15.
1419 5207 1516 5268 τῆς
1570 5199 1894 5269 Ἰ·Ικκλησίας
1954 5201 2029 5262 εἰς

381 5295 565 5351 ἑαυτὸν
615 5291 818 5358 ἕλκων,
871 5290 1163 5352 ὑπεύθυνος
1212 5288 1521 5364 ἐγκλήματι
1575 5287 1800 5362 μεγάλῳ
1853 5289 1981 5363 γένῃ
2014 5302 2074 5334 ’Τῖ

379 5381 686 5454 ’Δπόδοτε,
747 5382 1097 5457 γέγραπται,
1151 5380 1217 5434 τὰ
1288 5378 1549 5451 Καίςαρος
1609 5378 1880 5450 Καίσαρι,
1940 5380 2029 5432 καὶ

373 5475 442 5530 τὰ
485 5477 582 5528 τοῦ
632 5475 765 5527 Θεοῦ
813 5474 892 5542 τῷ
940 5474 1073 5540 Θεῷ.
1125 5466 1259 5522 Οῦτε
1304 5466 1482 5522 τοίνυν
1535 5469 1668 5540 ἡμῖν
1721 5464 1906 5542 ἄρχειν
1942 5465 2028 5521 ἐπὶ

448 5584 494 5618 ¹⁸
521 5580 726 5638 Matth.
760 5597 894 5651 xm,
926 5581 1016 5634 21.

472 5708 564 5782 63)
592 5706 809 5782 Regius
836 5705 1041 5782 ροάεκν
1077 5698 1404 5782 ξερδικτενο,
1568 5773 1608 5782 _

472 5711 564 5780 63)
592 5711 809 5778 Regius
841 5711 1041 5772 codex,
1077 5711 1363 5776 Σερόικην.
1657 5771 1666 5781 .
1703 5771 1714 5782 ο

450 5711 565 5854 ξ64)
597 5779 682 5837 Ita
710 5777 925 5850 Regius
955 5781 1011 5833 et
1064 5775 1148 5832 sic
1201 5775 1534 5848 legendum.
1568 5771 1738 5842 Editi,
1772 5770 2026 5844 ήνέσχον.

2138 4754 2332 4824 potius
2366 4754 2483 4807 hrec
2516 4753 2761 4808 ediscas.
2797 4754 2925 4808 Tibi
2977 4761 3129 4810 Deus
3187 4755 3501 4828 imperium
3529 4756 3792 4829 tradidit,

2140 4842 2306 4897 nobis
2338 4841 2729 4898 ecclesiastica
2759 4844 3137 4899 concredidit.
3174 4849 3252 4900 Ac
3292 4846 3794 4916 quemadmodum

2139 4931 2238 5003 qui
2263 4932 2365 4985 tibi
2388 4932 2697 5002 imperium
2723 4932 2994 5004 subripit,
3018 4933 3132 4988 Deo
3160 4933 3454 4989 ordinanti
3472 4938 3791 5008 repugnat;

2137 5021 2221 5077 ita
2244 5026 2437 5075 metue
2460 5039 2548 5087 ne,
2575 5021 2623 5076 si
2648 5022 2714 5076 ad
2744 5026 2799 5077 te
2837 5022 3235 5078 ecclesiastica
3252 5023 3557 5095 pertrahas
3591 5024 3794 5097 magni

2140 5111 2406 5165 criminis
2441 5129 2573 5165 reus
2605 5114 2748 5166 tias:
2785 5113 3021 5179 Reddite,
3050 5113 3334 5184 scriptum
3366 5117 3474 5185 est,
3515 5129 3642 5185 quae
3667 5123 3801 5171 sunt

2142 5200 2398 5266 Cameris,
2460 5201 2688 5267 Caesari,
2749 5211 2798 5256 ct
2857 5219 2974 5272 quae
3030 5210 3160 5258 sunt
3204 5204 3308 5258 Dei
3350 5204 3457 5259 Deo
3504 5205 3564 5258 ".
3596 5203 3795 5275 Neque

2141 5289 2309 5344 nobis
2332 5290 2514 5361 igitur
2537 5295 2700 5345 terrae
2724 5290 3013 5363 imperare
3033 5291 3186 5362 licet,
3213 5307 3399 5365 neque
3428 5296 3493 5347 tu
3525 5291 3797 5348 adolendi

2139 5377 2322 5433 habes
2353 5383 2718 5449 potestatem.
2753 5380 2882 5435 Hzec
2914 5381 3068 5452 quod
3115 5385 3279 5436 tuam
3310 5398 3509 5437 curem
3541 5379 3794 5437 salutem

2140 5468 2331 5524 scribo
2358 5483 2369 5521 :
2395 5467 2549 5539 quod
2576 5485 2708 5524 vero
2732 5486 2825 5524 res
2854 5475 3079 5542 spectat
3126 5471 3198 5526 de
3243 5471 3459 5543 quibus
3481 5469 3791 5543 scripsisti,

2211 5699 2323 5842 (65g
2353 5698 2442 5751 Sic
2475 5698 2613 5769 Reg.
2649 5697 2823 5766 Editi,
2855 5697 3139 5776 πρότερον,

2211 5771 2301 5840 (66
2354 5769 2517 5841 Reg.,
2551 5766 2804 5841 κόμιτας,
2837 5771 2908 5827 de
2940 5788 3123 5829 more.

2211 5766 2323 5841 {66)
2354 5769 2517 5841 Reg.,
2551 5766 2804 5841 κόμιτας,
2837 5766 2908 5827 de
2940 5766 3123 5829 more.
