4132 6390
301 414 428 480 7η

843 414 910 483 S.
956 415 1387 484 ATHANASII
1430 416 1604 482 OPP.
1648 415 1851 482 PARS
1893 414 2051 480 1.-
2080 413 2504 481 HISTORIGA
2544 413 2646 481 E'l‘
2688 411 3176 481 DOGMATIGA.

3601 404 3724 473 ’748

302 565 434 608 ecce
463 568 656 610 meam
686 553 1037 612 sententiam
1066 554 1331 612 :Arianis
1363 553 1604 610 minime
1636 554 1948 625 adjungor,

2095 556 2164 619 ἧς
2194 557 2299 625 γῆς
2348 544 2567 620 ἔξεστιν,
2609 546 2732 605 οὔτε
2763 548 2825 603 σὺ
2872 553 2969 604 τοῦ
3016 550 3212 621 θυμιᾷν
3264 536 3505 617 ἐξουσίαν
3547 539 3721 620 ἔχεις,

300 639 422 699 imo
452 658 582 698 eam
632 642 903 699 haeresim
961 644 1100 700 ferio
1148 644 1563 699 anathemate:
1622 659 1726 698 nec
1757 647 1960 697 contra

303 729 690 787 Athanasium
716 733 990 801 scribam,
1016 750 1192 804 quem
1218 749 1325 789 nos
1340 737 1396 787 et
1413 730 1957 795 RomanaEcclesia,

306 819 429 876 imo
453 825 577 877 tota
624 823 881 895 synodus
939 823 1231 878 insontem
1288 820 1624 877 declaravit.
1658 821 1805 875 Nam
1836 824 1961 875 tute

307 908 432 965 haec
449 927 581 967 cum
605 916 909 983 perspecta
927 912 1192 979 haberes,
1232 911 1534 967 hominem
1583 909 1864 976 accivisti,
1896 924 1962 963 ac

310 1000 651 1056 concessisti
687 1005 754 1056 ut
781 1017 915 1056 cum
946 1001 1168 1057 honore
1199 1001 1258 1055 in
1290 1000 1541 1073 patriam
1568 997 1667 1054 ille
1696 1002 1755 1053 et
1784 998 1843 1053 in
1867 998 1965 1053 Ec-

310 1087 546 1146 clesiam
579 1106 747 1145 suam
775 1090 1137 1163 remigraret.
1201 1092 1478 1156 Quaenam
1536 1087 1760 1143 exstitit
1788 1091 1962 1143 tantm

309 1178 655 1235 mutationis
677 1179 1088 1235 causa?Iidem
1115 1178 1271 1233 enim
1298 1178 1407 1250 ipsi
1434 1181 1572 1232 sunt
1594 1178 1642 1247 ej
1655 1193 1723 1231 us
1741 1174 1965 1231 inimici

307 1266 408 1339 qui
432 1268 557 1338 jam
590 1272 722 1324 ante
752 1269 953 1324 fuere':
1008 1273 1066 1324 et
1118 1285 1247 1339 quae
1297 1268 1425 1337 jam
1487 1270 1798 1322 susurrant
1827 1265 1964 1337 (non

308 1355 466 1412 enim
497 1372 565 1411 ea
604 1373 800 1412 coram
860 1356 959 1412 illo
1019 1356 1363 1428 proferunt),
1423 1355 1545 1411 haec
1594 1354 1758 1427 prius
1789 1354 1963 1409 etiam

312 1461 492 1517 quam
508 1445 895 1502 Athanasium
921 1446 1140 1502 accires
1162 1444 1662 1517 obloquebantur:
1688 1444 1811 1499 haec
1831 1460 1965 1499 cum

311 1534 383 1590 ad
407 1535 698 1608 synodum
727 1536 1102 1592 advenissent
1142 1534 1707 1590 obmurmurabant:
1738 1549 1965 1605 meque,

310 1623 399 1680 uti
420 1640 601 1696 supra
619 1624 763 1692 dixi,
786 1623 1161 1697 probationes
1203 1622 1553 1695 postulante,
1579 1623 1834 1694 proferre
1856 1621 1968 1693 ipsi

312 1713 627 1785 nequivere
650 1730 663 1767 :
689 1730 849 1785 nam,
874 1714 922 1769 si
943 1713 1309 1777 habuissent,
1332 1729 1446 1767 non
1495 1712 1577 1766 ita
1597 1711 1843 1783 turpiter
1865 1727 1965 1765 au-

314 1803 633 1876 fugissent.
657 1802 798 1869 Quis
821 1808 877 1859 te
897 1802 1146 1869 induxit,
1170 1807 1236 1856 ut
1254 1806 1383 1874 post
1406 1804 1639 1856 tantum
1665 1799 1967 1872 temporis,

318 1891 652 1949 litterarum
669 1893 840 1964 juxta
853 1908 919 1947 ac
939 1891 1246 1947 verborum
1271 1895 1507 1946 tuorum
1525 1889 1928 1944 obliviscerere
1942 1888 1970 1943 ?

313 1981 535 2039 Cohibe
553 1985 630 2049 te,
656 1998 874 2053 quaeso,
899 1985 957 2036 et
987 1997 1058 2035 ne
1078 1980 1365 2052 improbis
1383 1978 1727 2035 hominibus
1751 1994 1972 2035 morem

317 2087 513 2146 geras,
535 2074 682 2149 utne
699 2070 889 2126 mutui
909 2070 1201 2125 commodi
1221 2085 1396 2124 causa
1413 2074 1469 2125 te
1484 2068 1612 2140 ipse
1657 2084 1823 2123 reum
1838 2084 1971 2123 con-

315 2159 549 2216 stituas.
574 2160 736 2227 Quod
758 2159 913 2215 enim
932 2158 1060 2230 jam
1083 2158 1199 2213 illis
1243 2158 1536 2230 indulges,
1573 2161 1629 2213 et
1655 2156 1765 2212 hoc
1788 2157 1847 2211 in
1878 2155 1973 2211 die

306 2248 521 2322 judicii
554 2248 717 2307 solus
744 2249 1029 2305 rationem
1062 2263 1126 2304 es
1159 2247 1516 2303 redditurus.
1558 2246 1970 2301 Adversarium

313 2338 399 2394 illi
418 2354 595 2394 suum
620 2338 895 2411 suspiciis
916 2338 1035 2393 tuis
1064 2336 1273 2392 laedere
1314 2339 1540 2408 optant,
1564 2340 1737 2407 teque
1766 2333 1973 2390 volunt

314 2444 443 2485 esse
474 2426 713 2483 malitiae
746 2444 864 2483 suae
897 2427 1258 2494 ministrum,
1294 2431 1361 2481 ut
1389 2430 1491 2481 tua
1520 2442 1629 2496 ope
1661 2441 1973 2479 exsecran-

316 2519 452 2574 dam
511 2517 782 2574 hmresim
837 2516 898 2571 in
955 2515 1215 2573 Ecclesia
1270 2516 1678 2571 disseminent.
1729 2515 1855 2570 Non
1889 2519 1978 2571 est

316 2606 645 2680 prudentis,
665 2607 737 2662 ob
761 2605 1009 2662 aliorum
1031 2604 1337 2660 libidinem
1359 2621 1486 2660 sese
1508 2605 1567 2658 in
1591 2603 1972 2659 manifestum

317 2696 605 2768 conjicere
664 2695 1012 2767 periculum.
1074 2694 1305 2761 Desine,
1367 2710 1564 2765 quaeso
1622 2697 1699 2759 te,
1745 2697 1801 2747 et
1831 2691 1978 2747 mihi

318 2786 681 2859 obtempera,
712 2784 1037 2853 Constanti.
1073 2786 1200 2839 llaec
1232 2783 1389 2839 enim
1422 2787 1479 2838 et
1515 2799 1608 2837 me
1640 2782 1805 2838 decet
1834 2782 1977 2837 scri-

316 2874 479 2942 bere,
507 2878 565 2930 et
593 2878 650 2929 te
680 2889 796 2929 non
825 2873 1202 2945 vilipendere.

2072 637 2312 714 βασιλεῦ.
2347 644 2525 694 Ταῦτα
2560 640 2653 713 μὲν
2687 636 2775 694 οῦν
2810 640 2924 712 (67)
2970 633 3282 709 κηδόμενος
3329 640 3432 703 τῆς
3481 640 3584 703 σῆς
3615 654 3727 688 σω-

2065 727 2261 804 τηρίας
2309 729 2503 807 γράφω
2537 747 2549 761 ·
2582 728 2705 803 περὶ
2748 724 2806 782 δὲ
2854 728 2927 781 ὧν
2974 722 3310 797 ἐπέστειλας,
3358 722 3563 793 ταύτης
3612 721 3728 795 εἰμὶ

2067 823 2169 886 τῆς
2217 817 2448 891 γνώμης
2491 837 2504 851 ·
2538 817 2683 892 Ἐγὼ
2724 812 2847 871 οὔτε
2898 817 3200 891 ’Δρειανοῖς
3247 811 3727 887 συγκατατίθεμαι,

2072 904 2218 960 ἀλλὰ
2244 905 2333 960 καὶ
2362 907 2463 974 τὴν
2497 904 2700 982 α’ίρεσιν
2735 904 2908 960 αὐτῶν
2965 902 3341 976 ἀναθεματίζω
3375 919 3388 932 ·
3423 897 3547 956 οὔτε
3593 900 3732 955 κατά

2071 994 2388 1052 Ἀθανασίου
2419 996 2636 1073 γράφω,
2670 995 2728 1049 ’ὸν
2761 997 2927 1067 ἡμεῖς
2974 1013 3034 1047 τε
3062 992 3151 1046 καὶ
3200 994 3235 1061 ἡ
3268 989 3555 1063 Ῥωμαίων
3605 990 3728 1045 Ἐκ-

2071 1082 2275 1155 κλησία
2308 1128 2321 1155 ,
2375 1084 2465 1138 καὶ
2517 1090 2661 1138 πᾶσα
2707 1086 2743 1153 ἠ
2797 1079 3021 1144 σύνοδος
3093 1081 3393 1155 ἐκαθάρισε.
3472 1079 3571 1134 Καὶ
3626 1080 3730 1155 γὰρ

2070 1178 2238 1228 ταῦτα
2295 1173 2386 1227 καὶ
2436 1171 2499 1226 σὺ
2550 1176 2791 1246 συνορῶν
2857 1170 3189 1244 μετεπέμψω
3244 1169 3335 1223 τὸν
3401 1165 3685 1242 ἄνθρωπον
3714 1215 3730 1240 ,

2072 1263 2163 1317 καὶ
2196 1263 2584 1339 συνεχώρησας
2636 1261 2782 1333 αὐτῷ
2833 1260 2968 1334 μετά
3012 1266 3183 1333 τιμῆς
3235 1257 3312 1321 εἷς
3354 1258 3455 1327 τήν
3497 1254 3735 1333 πατρίδα

2073 1351 2164 1406 καὶ
2193 1353 2294 1421 τὴν
2325 1348 2650 1420 Ἐκκλησίαν
2688 1347 2997 1406 ἐπανελθεῖν
3032 1351 3165 1422 (68).
3195 1347 3287 1410 Τίς
3325 1346 3507 1402 τοίνυν
3540 1348 3736 1422 γέγονε

2076 1440 2343 1518 πρόφασις
2389 1446 2491 1509 τῆς
2546 1437 2814 1507 τοσαύτης
2879 1432 3242 1512 μετϐαολῆς;
3294 1436 3359 1490 Οἱ
3416 1435 3570 1491 αὐτοὶ
3628 1438 3733 1512 γὰρ

2078 1529 2268 1606 ἐχθροὶ
2306 1531 2357 1583 oi
2406 1528 2495 1583 καὶ
2544 1528 2806 1603 πρότερον
2851 1523 3001 1590 ὄντες
3046 1526 3137 1581 καὶ
3185 1530 3277 1580 νῦν
3333 1525 3465 1579 εἰσιν
3520 1524 3687 1581 αὐτοῦ
3719 1544 3731 1555 ·

2076 1620 2167 1675 καὶ
2227 1617 2261 1672 ’ἁ
2316 1621 2408 1672 νῦν
2475 1617 2845 1692 ψιθυρίζουσιν
2914 1616 2997 1691 (οὐ
3058 1616 3162 1691 γὰρ
3229 1613 3499 1689 παρόντος
3571 1614 3737 1670 αὐτοῦ

2079 1710 2403 1789 φθέγγονται
2454 1709 2492 1780 ),
2542 1712 2739 1778 ταῦτα,
2789 1707 2880 1762 καὶ
2928 1706 3055 1781 πρὶν
3105 1705 3432 1779 μεταπεμψῃ
3481 1706 3597 1777 (69)
3642 1704 3734 1759 τὸν

2079 1799 2414 1870 Ἀθανάσιον,
2461 1794 2798 1851 κατελάλουν
2833 1814 2846 1827 ’
2879 1800 3047 1851 ταῦτα
3096 1795 3188 1850 καὶ
3239 1792 3488 1857 ἐλθόντες
3530 1793 3607 1856 εἷς
3636 1795 3737 1864 τὴν

2081 1887 2301 1943 σύνοδον
2354 1884 2707 1961 διεθρύλλουν
2760 1906 2773 1919 ·
2815 1885 2906 1941 καὶ
2959 1884 3345 1958 ἀπαιτούμενοι
3395 1889 3522 1961 παρ’
3580 1882 3739 1958 ἐμοῦ,

2082 1978 2218 2033 καθά
2273 1980 2574 2053 προεῖπον,
2630 1976 2726 2039 τὰς
2778 1972 3077 2045 ἀποδείξεις
3127 1972 3227 2029 οὐκ
3272 1970 3501 2049 ἴσχυσαν
3563 1994 3738 2050 παρα-

2085 2071 2236 2143 σχεῖν
2273 2087 2285 2099 ·
2321 2065 2367 2119 εἰ
2397 2065 2500 2140 γὰρ
2534 2064 2709 2141 εἶχον,
2761 2063 2861 2119 οὐκ
2904 2063 2962 2119 ἂν
3014 2062 3209 2142 ἔφυγον
3265 2061 3439 2126 οὓτως
3470 2062 3739 2140 αἰσχρῶς.

2077 2156 2170 2218 Τίς
2201 2152 2292 2209 οῦν
2343 2149 2521 2209 ἔπεισέ
2550 2175 2609 2209 σε
2662 2155 2795 2229 μετά
2831 2158 3088 2208 τοσοῦτον
3136 2151 3337 2230 γρόνον
3390 2149 3742 2208 ἐπιλαθέσθαι

2079 2248 2186 2300 τῶν
2250 2247 2445 2299 σαυτοῦ
2504 2244 2848 2320 γραμμάτων
2904 2242 2994 2298 καὶ
3054 2241 3316 2320 ῥημάτων
3360 2260 3376 2311 ;
3430 2241 3688 2320 Ἐπίσχες
3724 2288 3739 2315 ,

2079 2334 2171 2389 καὶ
2210 2335 2284 2407 μὴ
2318 2333 2507 2388 πείθου
2547 2338 2744 2395 κακοῖς
2773 2332 3140 2407 κάνθρώποις,
3167 2330 3260 2387 ’ίνα
3292 2332 3367 2406 μή
3393 2328 3481 2386 διὰ
3507 2332 3571 2386 τὸ
3607 2331 3745 2406 πρὸς

2084 2422 2372 2494 ἀλλήλους
2423 2425 2661 2493 καθῆκον
2713 2423 2905 2477 σαυτὸν
2957 2421 3248 2477 ὑπεύθυνον
3308 2423 3566 2496 ποιήσῃς.
3617 2418 3745 2476 Ὧδε

2084 2514 2188 2588 γὰρ
2218 2512 2434 2575 τούτοις
2460 2510 2838 2583 καθηκετεύεις
2869 2513 3004 2586 (70),
3047 2509 3098 2565 ἐν
3151 2509 3209 2565 δὲ
3256 2514 3327 2584 τῇ
3370 2509 3547 2584 κρίσει
3581 2509 3744 2584 μόνος

2091 2600 2316 2676 μέλλεις
2350 2599 2761 2677 ἀπολογεῖσθαι.
2796 2600 2958 2654 Οὗτοι
2986 2600 3076 2654 τὸν
3110 2596 3248 2654 ἴδιον
3283 2599 3478 2675 ἐχθρὸν
3531 2596 3623 2654 διὰ
3651 2603 3746 2654 σοῦ

2087 2689 2336 2745 θέλουσιν
2370 2688 2593 2763 ἀδικεῖν,
2626 2690 2715 2745 καὶ
2775 2688 3066 2764 βούλονταί
3113 2710 3171 2744 σε
3201 2685 3447 2744 διάκονον
3488 2696 3591 2759 τῆς
3622 2690 3746 2744 ἔαυ-

2086 2784 2194 2836 τῶν
2226 2778 2497 2855 πονηρίας
2526 2780 2793 2855 γενέσθαι,
2832 2777 2928 2834 ’ἶνα
2975 2776 3066 2834 διὰ
3113 2782 3210 2833 σοῦ
3240 2778 3331 2833 καὶ
3360 2780 3459 2849 τὴν
3503 2779 3744 2855 μυωράν
3820 2848 3827 2854 .

2091 2866 2294 2945 a'ipscw
2352 2869 2429 2932 εἷς
2469 2869 2568 2939 τὴν
2622 2855 2949 2937 Ἐκκλησίαν
3002 2867 3406 2945 ἐπισπείρωσιν.
3465 2868 3576 2923 Ούκ
3632 2864 3746 2922 ἔστι

324 2960 383 3018 δὲ
431 2960 696 3040 φρόνιμον
752 2957 823 3016 δι’
852 2958 1037 3016 ἄλλων
1074 2958 1279 3030 ἡδονὴν
1333 2960 1515 3014 ἑαυτὸν
1578 2959 1654 3022 εἰς
1710 2963 1984 3033 προῦπτον
2034 2957 2284 3015 κίνδυνον
2336 2953 2659 3033 ἐμϐάλλειν.
2709 2963 2939 3033 Παῦσαι,
2988 2955 3313 3035 παρακαλῶ,
3357 2957 3447 3013 καὶ
3495 2957 3749 3028 πείσθητί

326 3072 444 3126 μοι,
477 3051 835 3107 Κωνστάντιε.
866 3054 1044 3105 Ταῦτα
1072 3050 1175 3125 γὰρ
1209 3051 1403 3126 πρέπει
1432 3049 1521 3103 καὶ
1557 3047 1653 3122 ἐμὲ
1683 3050 1931 3126 γράφειν,
1963 3050 2052 3105 καὶ
2084 3050 2141 3104 σὲ
2170 3049 2377 3104 τούτων
2415 3050 2489 3122 μὴ
2522 3052 2897 3127 καταφρονεῖν.

397 3143 483 3199 45.
545 3142 677 3198 Haec
736 3140 837 3196 illa
893 3139 1003 3196 fuit
1046 3140 1418 3196 Abrahamici
1454 3139 1613 3195 senis
1643 3156 1773 3195 vere
1802 3140 1982 3207 Hosii,

320 3232 378 3287 id
410 3236 517 3301 est,
554 3231 765 3300 sancti,
788 3231 1077 3287 sententia
1103 3248 1115 3285 :
1141 3229 1230 3285 has
1255 3229 1415 3284 illius
1458 3228 1683 3285 litterae.
1720 3229 1821 3285 Ille
1851 3245 1985 3284 vero

320 3338 426 3393 nec
457 3321 812 3377 insidiarum
844 3321 1021 3376 finem
1050 3319 1207 3391 fecit,
1243 3336 1433 3391 neque
1476 3319 1651 3375 desiit
1679 3319 1984 3374 obtentum

2168 3141 2253 3195 45.
2286 3142 2462 3193 Ταῦτα
2524 3138 2616 3212 μὲν
2670 3139 2697 3192 6
2756 3131 3118 3214 ’Δϐραμιαῖος
3173 3136 3373 3213 γέρων,
3434 3136 3463 3191 6
3524 3133 3750 3205 ἀληθῶς

2093 3229 2277 3291 ’Όσιος
2311 3226 2579 3305 ἐφρόνησέ
2606 3248 2665 3282 τε
2710 3228 2800 3282 καὶ
2851 3224 3105 3302 ἔγραψεν,
3154 3226 3182 3281 6
3234 3223 3291 3280 δὲ
3331 3221 3457 3280 οὔτε
3498 3230 3600 3281 τοῦ
3633 3224 3751 3281 ἐπι-

2096 3313 2375 3372 ϐουλεύειν
2428 3317 2696 3393 ἀνεχώρει
2727 3318 2861 3390 (71),
2916 3312 3038 3370 οὔτε
3085 3314 3355 3394 πρόφασιν
3414 3316 3533 3370 κατ’
3589 3314 3754 3370 αὐτοῦ

320 3411 601 3466 adversus
631 3408 799 3464 illum
846 3409 1221 3482 perquirere;
1278 3409 1379 3464 sed
1428 3408 1687 3482 perstitit
1732 3406 1977 3481 graviter

2099 3411 2272 3478 ζητῶν
2305 3408 2575 3462 πέπαυται
2607 3425 2620 3438 ο
2659 3402 2805 3460 ἀλλά
2847 3405 2937 3460 καὶ
2988 3402 3228 3460 ἀπειλῶν
3285 3403 3513 3479 ἐπέμενε
3539 3401 3753 3477 δεινῶς,

320 3498 779 3567 interminando,
806 3505 869 3554 ut
890 3515 1026 3554 eum
1053 3503 1155 3559 aut
1174 3499 1227 3553 vi
1254 3515 1287 3553 a
1335 3497 1626 3554 sententia
1648 3497 1980 3567 deduceret,

325 3593 428 3645 aut
448 3605 563 3645 non
582 3590 1000 3661 obsequentem
1021 3588 1263 3660 pelleret
1283 3588 1343 3643 in
1367 3586 1659 3643 exsilium.
1691 3591 1765 3642 Ac
1785 3601 1985 3658 quem-

328 3677 647 3733 admodum
686 3676 1022 3750 Babylonici
1062 3677 1242 3732 duces
1264 3681 1322 3731 et
1364 3680 1630 3748 satrapae,
1660 3691 1794 3731 cum
1819 3674 1983 3729 incu-

328 3765 497 3822 sandi
546 3764 807 3821 Danielis
853 3765 1217 3822 occasionem
1268 3769 1590 3837 captarent,
1641 3763 1877 3820 nonnisi
1924 3762 1983 3818 in

327 3855 452 3928 lege
477 3854 577 3910 Dci
603 3854 693 3911 sui
717 3854 877 3911 illam
908 3855 1221 3923 invenere;
1275 3856 1431 3911 294
1478 3854 1561 3909 ita
1604 3858 1661 3910 et
1686 3870 1843 3909 nunc
1873 3852 1983 3907 im-

325 3944 559 4017 pietatis
607 3949 823 4016 atrapaa
873 3943 1093 3999 nullam
1152 3942 1325 3999 aliam
1360 3947 1678 4016 potuerunt
1703 3943 1985 3998 adversus

326 4049 526 4089 senem
545 4033 633 4089 vel
657 4033 1051 4089 comminisci.
1084 4032 1247 4087 Nulli
1281 4032 1497 4105 quippe
1524 4038 1696 4088 notus
1720 4049 1835 4088 non
1862 4035 1988 4087 erat

326 4122 426 4177 ille
445 4139 576 4178 vere
602 4122 833 4189 Hosius,
857 4121 916 4176 id
941 4126 1050 4187 est,
1073 4126 1333 4188 sanctus,
1361 4117 1535 4193 cujus
1552 4121 1850 4194 inculpata
1868 4120 1988 4176 vita

330 4215 473 4279 erat,
510 4211 623 4267 nisi
654 4228 720 4265 eo
752 4211 1007 4282 nomine,
1061 4211 1213 4282 quod
1262 4210 1530 4267 haeresim
1562 4211 1694 4267 odio
1726 4211 1985 4266 haberet.

328 4300 496 4357 Hunc
526 4301 725 4373 itaque
752 4298 1211 4370 calumniantur,
1247 4317 1363 4355 non
1414 4300 1653 4372 perinde
1698 4304 1867 4369 atque
1894 4298 1991 4353 ille

327 4391 498 4447 Dario
521 4389 752 4445 delatus
777 4389 908 4460 fuit,
932 4388 1151 4444 invitus
1176 4390 1392 4462 quippe
1410 4389 1617 4445 Darius
1636 4388 1991 4444 criminatio-

327 4497 462 4535 nem
482 4479 540 4534 in
569 4478 866 4534 Danielem
892 4478 1113 4533 audivit
1136 4480 1212 4546 ης
1238 4476 1783 4551 sed,sicutJebabel
1809 4477 1993 4532 Nubo-

327 4568 495 4624 thum
527 4569 593 4635 ³⁸,
621 4585 687 4623 ac
713 4573 778 4623 ut
799 4567 987 4623 Judmi
1035 4568 1189 4640 apud
1216 4568 1501 4623 Herodem
1526 4569 1591 4634 1⁷,
1630 4566 1723 4621 his
1752 4565 1943 4620 verbis
1976 4581 1989 4619 :

327 4658 453 4714 Non
482 4659 654 4714 modo
677 4674 789 4712 non
813 4656 1141 4712 subscribit
1162 4656 1258 4712 ille
1280 4657 1561 4712 adversus
1600 4654 1992 4711 Athanasium

330 4747 433 4803 sed
457 4764 564 4802 nos
596 4746 774 4801 etiam
806 4747 935 4818 ejus
966 4745 1155 4818 gratia
1185 4746 1427 4801 damnat
1450 4761 1462 4799 :
1489 4746 1688 4817 itaque
1719 4744 1989 4800 haeresim

334 4841 659 4901 aversatur,
696 4839 758 4891 ut
805 4840 1044 4891 caeteros
1094 4835 1307 4890 litteris
1358 4835 1643 4899 hortetur,
1695 4850 1894 4889 necem
1929 4837 1995 4888 ut

328 4926 525 4998 potius
556 4925 824 4992 subeant,
856 4941 1027 4993 quam
1060 4923 1321 4979 veritatis
1360 4924 1685 4996 proditores
1716 4924 1984 4977 evadant.

328 5014 498 5082 Nam,
532 5014 615 5070 ait
643 5012 761 5085 ille,
794 5013 1059 5069 veritatis
1091 5030 1271 5068 causa
1300 5012 1548 5067 dilectus
1581 5017 1780 5067 noster
1807 5011 1988 5066 Atha-

329 5103 534 5160 nasius
563 5100 1028 5174 persecutionem
1060 5100 1333 5167 sustinet,
1365 5101 1709 5172 insidiaeque
1738 5100 1986 5155 tendun-

329 5196 428 5249 tur
455 5192 684 5248 Liberio
718 5196 979 5246 Romano
1033 5190 1330 5263 episcopo,
1390 5189 1640 5262 aliisque
1673 5189 1986 5247 universis.

405 5361 449 5397 ¹⁶
476 5361 621 5418 Dan.
642 5379 720 5432 v1,
745 5361 834 5417 14.
860 5361 904 5397 ³⁸
926 5360 1006 5417 ΙΙΙ
1028 5361 1168 5433 Reg.
1218 5348 1335 5431 xxx,
1367 5360 1419 5415 7.
1459 5360 1502 5396 ¹⁷
1536 5360 1675 5416 Luc.
1707 5376 1869 5426 xxm,
1904 5359 1989 5415 10.

407 5547 518 5620 (67)
550 5550 614 5620 ιιι
646 5549 784 5620 ηδε,
826 5543 917 5620 οὖν
949 5548 1133 5620 ἀθεειε

409 5615 524 5691 (θβ)
547 5615 1027 5691 -ῐὶοετξάπελοεῖν,
1062 5618 1262 5691 minus
1295 5623 1465 5672 recte.

350 5753 362 5763 .
412 5683 523 5757 (69)
547 5683 803 5763 ltaVR'eg.
827 5690 978 5745 Editi
1010 5683 1166 5757 vero,
1194 5688 1400 5763 πέμψῃ.
1438 5692 1565 5744 Mox
1618 5687 1759 5759 Reg,
1783 5683 1992 5762 διεθρύ-

351 5757 503 5823 λουν,
532 5759 603 5813 de
635 5757 796 5815 more
826 5776 961 5814 cum
996 5764 1165 5816 unico
1196 5757 1251 5813 λ.

2093 3493 2181 3550 ἷ’να
2217 3496 2253 3565 ἢ
2292 3495 2613 3571 βιαζόμενος
2652 3495 2951 3570 μεταγάγῃ,
2984 3495 3019 3563 ἢ
3081 3495 3156 3567 μή
3200 3494 3524 3568 πειθόμενον
3579 3493 3751 3570 ἐξορί-

2095 3607 2179 3661 σῃ.
2214 3585 2490 3664 Πρόφασιν
2537 3585 2630 3658 μὲν
2682 3582 2799 3652 οῦν,
2831 3583 3011 3656 ὥσπερ
3043 3585 3096 3639 οἱ
3145 3583 3391 3639 τακτικοὶ
3421 3583 3512 3639 καὶ
3553 3584 3747 3659 σατρά-

2094 3695 2189 3728 παι
2232 3680 2333 3743 τῆς
2386 3667 2753 3742 Βαϐυλῶνος,
2808 3675 3117 3743 ζητοῦντες,
3169 3669 3277 3748 οὐχ
3326 3670 3571 3747 εὕρισκον
3619 3671 3759 3725 κατά

2093 3768 2191 3818 τοῦ
2223 3760 2428 3832 Δανιὴλ
2462 3762 2508 3817 εἰ
2544 3763 2619 3835 μὴ
2656 3760 2709 3816 ἐν
2741 3761 2935 3835 νόμοις
2967 3765 3101 3816 Θεοῦ
3142 3759 3307 3815 αὐτοῦ
3343 3782 3356 3795 ο
3391 3758 3535 3816 οὕτω
3566 3760 3656 3815 καὶ
3703 3760 3757 3814 οἱ

2094 3857 2185 3907 νῦν
2217 3853 2485 3929 σατράπαι
2512 3858 2614 3921 τῆς
2657 3845 2904 3913 ἀσεϐείας
2948 3847 3074 3905 οὐδὲ
3121 3848 3428 3905 πλάσασθαι
3476 3850 3614 3905 κατά
3658 3853 3757 3904 τοῦ

2095 3943 2354 4017 γέροντος
2386 3939 2562 4011 ἄλλην
2610 3937 2979 4012 ἠδυνήθησαν.
3038 3945 3177 3995 nam
3220 3940 3324 4015 γὰρ
3373 3940 3657 4015 γνώριμος
3686 3940 3756 4009 ἦν

2098 4033 2125 4087 6
2158 4029 2379 4103 ἀληθῶς
2409 4033 2616 4101 Ὅσιος,
2648 4030 2739 4085 καὶ
2771 4032 2799 4085 6
2846 4029 3043 4084 τούτου
3098 4028 3219 4107 βίος
3269 4026 3667 4101 ἀνεπίληπτος,
3710 4030 3758 4084 εἰ

2102 4122 2177 4195 μή
2209 4121 2271 4175 τὸ
2301 4122 2437 4175 κατὰ
2479 4127 2581 4190 τῆς
2631 4120 2890 4197 αἱρέσεως
2945 4125 3126 4194 μῖσος.
3170 4114 3541 4175 Διαϐάλλουσι
3572 4118 3756 4174 τοίνυν

2097 4210 2189 4264 καὶ
2244 4208 2403 4263 αὐτὸν
2438 4257 2453 4282 ,
2504 4209 2684 4265 ούκέτι
2735 4210 2808 4273 ὡς
2870 4207 3071 4265 ἐκεῖνον
3124 4208 3332 4285 Δαρείῳ
3381 4206 3589 4282 (ἀηδῶς
3649 4209 3756 4286 γάρ

2099 4296 2330 4366 ἤκουσεν
2362 4300 2389 4353 6
2419 4304 2641 4375 Δαρεῖος
2687 4299 2824 4354 κατά
2869 4303 2967 4355 τοῦ
3012 4297 3264 4373 Δανιὴλ),
3313 4295 3438 4353 ἀλλ’
3476 4297 3552 4361 ὡς
3596 4298 3760 4368 Ἰεζά-

2102 4381 2199 4441 ϐελ
2232 4388 2367 4441 κατά
2412 4392 2508 4441 τοῦ
2558 4382 2853 4462 Ναϐουθαὶ,
2904 4389 2994 4443 καὶ
3035 4389 3112 4451 ὡς
3153 4389 3207 4443 οἱ
3252 4383 3618 4460 Ἰουδαῖοιτῷ
3670 4387 3761 4441 Ἥ-

2103 4473 2271 4551 ρώδῃ,
2304 4474 2559 4550 λέγοντες
2598 4497 2610 4509 ·
2642 4477 2714 4533 Οὐ
2751 4478 2913 4552 μόνον
2947 4478 3055 4554 οὐχ
3087 4477 3388 4555 ὑπογράφει
3417 4477 3554 4531 κατά
3602 4476 3765 4531 Ἀθα-

2102 4565 2308 4638 νασίου,
2337 4564 2483 4621 ἀλλά
2509 4569 2599 4621 καὶ
2630 4569 2780 4640 ἡμᾶς
2833 4565 2903 4622 δι’
2954 4567 3111 4623 αὐτὸν
3152 4565 3463 4643 κατακρίνει
3498 4588 3510 4600 ·
3542 4565 3633 4622 καὶ
3661 4565 3764 4635 τήν

2104 4653 2305 4730 α’ίρεσιν
2356 4655 2500 4710 οὕτω
2554 4661 2721 4729 μισεῖ,
2755 4657 2831 4720 ὡς
2880 4657 2970 4711 καὶ
3018 4654 3215 4719 ἄλλοις
3260 4656 3486 4732 γράφειν
3539 4656 3765 4710 θάνατον

2111 4742 2323 4818 μᾶλλον
2359 4745 2671 4819 ὑπομένειν,
2705 4746 2739 4815 ἢ
2775 4745 3048 4819 προδότας
3080 4746 3318 4822 γίνεσθαι
3348 4750 3451 4816 τῆς
3482 4743 3766 4816 ἀληθείας.

2104 4840 2180 4889 Δι’
2212 4834 2377 4905 αὐτὴν
2409 4835 2513 4911 γὰρ
2563 4836 2652 4890 καὶ
2686 4837 2713 4891 6
2746 4837 3030 4912 ἀγαπητὸς
3060 4838 3221 4910 ἡμῶν
3269 4836 3592 4899 ’Δθανάσιος
3631 4832 3764 4889 διώ-

2101 4944 2272 4995 κεται,
2322 4924 2411 4979 καὶ
2466 4919 2721 4999 Λιϐἑριος
2848 4924 3134 4999 Ῥωμαίων
3182 4925 3520 4995 ἐπίσκοπος,
3569 4923 3660 4979 καὶ
3711 4925 3765 4978 οἱ

2100 5010 2265 5068 ἄλλοι
2298 5015 2495 5077 πάντες
2550 5008 3023 5072 ἐπιϐουλεύονται.
3075 5020 3255 5070 Ταῦτα
3302 5013 3534 5077 ἀκούσας
3583 5016 3612 5069 6
3658 5021 3766 5085 τῆς

2102 5097 2348 5166 ἀσεϐείας
2427 5105 2782 5179 προστάτης,
2846 5103 2936 5160 καὶ
3011 5112 3115 5174 τῆς
3166 5105 3426 5182 αἱρέσεως
3501 5101 3765 5179 βασιλεὺς

2100 5193 2486 5263 Κωνστάντιος,
2535 5192 2625 5247 καὶ
2655 5192 2739 5248 ὅτι
2795 5193 3031 5267 μάλιστα
3086 5192 3177 5249 καὶ
3229 5190 3407 5271 ἕτεροί
3457 5193 3561 5248 εἶσι
3618 5194 3763 5249 κατᾶ

2176 5548 2287 5620 (70)
2347 5545 2444 5620 Sic
2504 5545 2666 5620 editi.
2730 5546 3307 5620 Reg._x101xereﬁstc.
3386 5548 3548 5620 Alias
3605 5548 3770 5606 idem

2106 5615 2643 5746 Ριοςϋξικαθηκεύειν.
2705 5622 2770 5674 In
2810 5615 2984 5675 Editis
3036 5636 3170 5675 vero
3202 5616 3560 5675 καθικετεύειν
3592 5620 3772 5695 vulgo

2108 5710 2219 5749 scrl
2269 5708 2401 5745 iur.

2176 5763 2289 5835 (71)
2321 5762 2407 5818 Ita
2431 5760 2576 5832 Reg.
2607 5761 2785 5829 Editi,
2814 5758 3099 5835 ἐνεχείρει.
