4132 6372
322 447 443 514 ’749

1262 446 1630 516 HISTORIA
1670 449 2144 518 ARIANORUM
2188 451 2292 516 AD
2338 441 2791 519 MONACHOSQ

3597 435 3730 507 750

319 583 418 645 τὰς
453 575 691 647 Σπανίας
865 581 1034 640 ταυτὶ
1062 582 1142 657 τῷ
1160 581 1324 658 Ὀσίῳ
1347 591 1688 663 φρονοῦντες,
1712 587 1969 660 πειράσας

2089 589 2213 644 Hec
2243 605 2376 644 cum
2410 589 2670 644 audisset
2692 582 3011 659 impietatis
3041 581 3324 659 patronus
3369 573 3731 652 heresisque

321 672 600 735 κάκείνους
651 675 982 750 ὑπογράψαι,
1040 675 1127 730 καὶ
1192 676 1266 748 μὴ
1328 672 1571 745 δυνηθεὶς
1630 675 1964 750 ἀναγκάσαι,

325 763 728 835 μεταπέμπεται
776 764 864 818 τὸν
914 768 1095 818 ’Ὀσιον
1132 785 1145 798 ο
1184 765 1273 818 καὶ
1323 765 1437 818 ἀντὶ
1496 763 1782 838 ἐξορισμοῦ
1838 785 1963 819 κατ-

321 851 438 926 ἑχει
467 857 657 906 τοῦτον
693 851 820 907 ὅλον
855 853 1091 908 ἐνιαυτὸν
1127 853 1178 907 ἐν
1207 859 1285 925 τῷ
1314 854 1528 928 Σιρμίῳ
1561 857 1695 926 (73),
1729 851 1851 909 οὔτε
1873 855 1962 908 τὸν

320 941 447 994 Οεὸν
482 937 741 1019 φοϐηθεὶς
774 944 801 997 6
835 945 1007 1016 ἄθεος,
1042 940 1164 998 οὕτε
1204 949 1300 997 τοῦ
1331 946 1532 1018 πατρὸς
1575 947 1674 1013 τὴν
1710 943 1964 1014 διάθεσιν,

317 1031 384 1099 ἢν
419 1031 533 1106 εἶχε
560 1031 696 1105 πρὸς
726 1033 816 1086 τὸν
864 1035 1068 1104 ¹Ὀσιον,
1127 1031 1387 1094 αἰδεσθεὶς
1426 1035 1452 1087 6
1486 1034 1719 1105 ἀνόσιος,
1755 1032 1878 1088 οὔτε
1905 1035 1965 1088 τὸ

317 1127 492 1194 γῆρας
556 1122 961 1193 (ἑκατονταέτης
1021 1125 1123 1196 γάρ
1174 1121 1366 1177 λοιπὸν
1573 1124 1878 1199 αἰσχυνθεὶς
1938 1126 1964 1178 6

316 1205 600 1284 ἄστοργος.
640 1211 817 1265 Πάντα
847 1212 948 1286 γάρ
979 1217 1144 1265 ταῦτα
1191 1211 1413 1286 παρεῖδε
1461 1211 1550 1267 διὰ
1586 1216 1684 1282 τὴν
1721 1209 1962 1268 ἀσέϐειαν

318 1299 347 1352 ὁ
377 1300 496 1360 νέος
528 1295 762 1374 ’Λχαάϐ,
796 1301 883 1354 καὶ
935 1300 1106 1363 ἄλλος
1162 1301 1438 1378 Βαλθασάρ
1490 1303 1570 1382 ἐφ’
1619 1308 1776 1377 ἡμῶν
1811 1303 1963 1379 γενό-

321 1409 502 1460 μενος.
535 1388 812 1459 Τοσαῦτην
845 1391 948 1464 γὰρ
987 1390 1104 1465 βίαν
1151 1391 1415 1461 πεποίηκε
1459 1397 1538 1463 τῷ
1588 1394 1825 1469 γέροντι,
1877 1393 1966 1447 καὶ

313 1481 573 1532 τοσοῦτον
607 1477 762 1532 αὐτὸν
816 1480 1093 1554 συνέσχεν,
1145 1481 1221 1542 ὡς
1269 1478 1523 1536 θλιϐέντα
1571 1483 1752 1554 αὐτὸν,
1809 1482 1969 1558 μόγις

313 1572 648 1634 κοινωνῆσαι
703 1567 796 1638 μὲν
827 1572 944 1629 τοῖς
996 1570 1118 1642 περί
1170 1567 1443 1624 Οὐάλεντα
1499 1572 1587 1624 καὶ
1647 1570 1966 1646 Οὐρσάκιον,

318 1655 393 1726 μή
430 1654 742 1730 ὑπογράψαι
775 1653 831 1710 δὲ
859 1658 994 1710 κατά
1044 1658 1382 1714 Ἀθανασίου.
1438 1658 1614 1713 Ἀλλά
1657 1660 1746 1714 καὶ
1797 1660 1966 1722 οὕτως

314 1741 414 1796 οὐκ
460 1742 740 1816 ἠμέλησεν
794 1747 820 1798 6
870 1747 1043 1820 γέρων
1071 1765 1083 1777 ο
1123 1745 1342 1819 μέλλων
1403 1750 1504 1821 γάρ
1559 1750 1915 1818 ἀποθνήσκειν
1952 1795 1966 1819 ,

315 1830 496 1908 ὥσπερ
545 1829 918 1907 διατιθέμενος
966 1834 1303 1911 ἐμαρτύρατο
1351 1837 1449 1904 τήν
1509 1835 1666 1910 βίαν,
1726 1837 1814 1891 καὶ
1867 1840 1965 1907 τήν

2078 680 2396 750 imperator
2419 678 2818 744 Constantius,
2849 677 3221 748 maximeque
3251 689 3386 728 cum
3415 670 3732 743 comperis-

2077 771 2164 824 set
2185 767 2329 822 alios
2353 784 2477 822 esse
2502 767 2560 822 in
2588 766 2886 838 Hispaniis
2912 765 3011 838 qui
3031 765 3296 836 ejusdem
3320 766 3494 834 atque
3514 759 3730 817 Hosius

2077 857 2377 912 sententia:
2435 861 2653 922 essent,
2712 859 2966 910 tentatos
2998 853 3131 909 illos
3166 857 3227 908 ut
3265 849 3725 918 subscriberent,

2077 963 2211 1002 cum
2242 963 2356 1000 non
2386 945 2664 1001 valuisset
2692 961 2758 1001 eo
2779 945 2832 1000 vi
2867 945 3177 1009 adducere,
3210 941 3452 998 arcessit
3480 938 3730 995 Hosium

2077 1052 2274 1108 quem,
2308 1034 2494 1089 exsilii
2524 1036 2662 1102 vice,
2699 1051 2850 1089 anno
2882 1034 3106 1106 integro
3137 1031 3335 1087 Sirmii
3368 1028 3606 1095 detinet,
3623 1043 3732 1084 nec

2076 1126 2256 1181 Deum
2292 1129 2556 1179 metuens
2588 1123 2805 1194 impius
2837 1122 3228 1192 homo,neque
3262 1119 3444 1192 patris
3471 1117 3734 1190 ergaHo-

2077 1217 2232 1270 sium
2264 1214 2534 1268 affectum
2598 1212 2896 1277 reveritus,
2948 1211 3254 1283 improbus
3297 1209 3607 1280 ille,neque
3639 1222 3731 1262 se-

2077 1308 2367 1360 nectutem
2400 1301 2790 1370 (centenarius
2838 1299 3051 1372 quippe
3082 1300 3227 1370 erat)
3257 1300 3594 1364 veneratus,
3642 1294 3731 1350 vir

2078 1394 2458 1448 inhumanus.
2481 1393 2634 1447 ’Hzec
2665 1407 2920 1462 namque
2952 1390 3150 1446 omnia
3203 1389 3489 1444 haereseos
3518 1385 3728 1458 gratia,

2078 1483 2226 1538 nihil
2259 1483 2393 1538 fecit
2423 1499 2610 1537 novus
2663 1480 2758 1536 ille
2807 1480 3028 1543 Achab,
3087 1478 3354 1550 aliusque
3410 1475 3597 1532 nostri
3628 1474 3732 1530 αινί

2079 1572 2403 1628 Balthasar.
2437 1572 2682 1626 Tantam
2712 1569 2868 1626 enim
2902 1568 3026 1624 seni
3078 1568 3196 1623 vim
3242 1565 3462 1636 intulit,
3495 1564 3733 1621 tandiu-

2079 1679 2189 1734 que
2217 1661 2384 1716 illum
2416 1661 2688 1725 detinuit,
2722 1663 2786 1715 ut
2819 1659 2992 1715 malis
3023 1673 3340 1731 oppressus
3369 1655 3462 1711 vix
3491 1655 3730 1710 tandem

2077 1768 2212 1806 cum
2244 1750 2484 1806 Valente
2513 1754 2570 1805 et
2598 1749 2838 1804 Ursacio
2869 1745 3328 1804 communicaret
3364 1746 3552 1817 (ANNO
3583 1743 3732 1816 357),

2079 1857 2266 1912 neque
2295 1845 2494 1896 tamen
2527 1838 2924 1894 subscriberet
2953 1839 3157 1893 contra
3183 1833 3595 1890 Athanasium.
3621 1833 3733 1889 Sed

316 1921 601 1997 ’Δρειανὴν
679 1921 880 1998 αἳρεσιν
956 1923 1365 1996 ἀνεθεμάτιζε,
1444 1947 1530 1979 και
1610 1925 1968 2002 παρήγγελλε

406 2008 452 2031 ἢν
638 2010 651 2030 Ι
805 2013 819 2030 Ἰ
909 2009 954 2031 ﬁt
1071 2014 1096 2031 Λ

2089 1946 2207 1985 eam
2239 1947 2361 1985 rem
2404 1929 2646 1984 minime
2678 1926 2930 2000 neglexit
2968 1942 3142 1982 senex
3177 1943 3190 1979 :
3223 1925 3481 1980 instante
3512 1922 3730 1996 quippe

2214 2023 2222 2031 .
2331 2019 2341 2029 .
2467 2017 2685 2031 .
2971 2015 3026 2031 ..
3107 2018 3146 2031 .,
3205 2029 3250 2031 ,_
3309 2016 3354 2031 ._
3403 2010 3714 2031 ,ηιηωει

319 2008 528 2083 μηδένα
556 2010 758 2080 ταύτην
795 2009 1175 2087 ἀποδέχεσθαι.

2078 2019 2405 2088 morte,vim
2433 2017 2543 2074 sibi
2567 2017 2791 2072 illatam
2809 2015 2986 2088 quasi
3012 2016 3362 2070 testamento
3393 2010 3744 2098 declaravit,

314 2102 709 2174 Arianamque
744 2103 1011 2159 haeresim
1046 2104 1200 2159 feriit
1230 2105 1619 2173 anathemate,
1653 2108 1955 2180 vetuitque
1991 2126 2064 2164 ne
2094 2109 2227 2182 quis
2259 2109 2421 2164 illam
2455 2107 2758 2180 reciperet.

384 2192 472 2245 46.
521 2189 612 2252 Τίς
665 2195 833 2246 ταῦτα
886 2190 1128 2268 βλέπων,
1180 2193 1215 2260 ἢ
1265 2193 1353 2247 καὶ
1409 2194 1569 2266 μόνον
1605 2194 1838 2265 ἀκούων,
1874 2196 1971 2250 οὐκ

314 2278 580 2350 ἐξίσταται
639 2281 730 2335 καὶ
787 2281 967 2352 αὐτὸς,
1019 2282 1110 2336 καὶ
1173 2279 1502 2354 καταϐοήσει
1559 2286 1696 2360 πρὸς
1749 2286 1970 2363 Κύριον,

313 2366 489 2444 λέγων
545 2371 703 2442 (74)·
740 2372 827 2438 Μὴ
882 2371 984 2444 ἆρα
1032 2371 1108 2432 εἷς
1162 2370 1431 2446 ἐξάλειψιν
1485 2374 1548 2426 οὺ
1593 2378 1828 2450 ποιήσῃς
1879 2377 1971 2430 τὸν

313 2456 534 2534 Ἰσραήλ
588 2478 601 2528 ;
649 2458 769 2531 Τίς,
829 2465 998 2514 ταῦτα
1048 2466 1348 2529 κατανοῶν,
1406 2462 1503 2517 οὐκ
1561 2463 1826 2539 εὐκαίρως
1883 2466 1972 2520 καὶ

315 2546 475 2609 αὐτὸς
532 2542 860 2618 καταϐοήσει
897 2592 910 2615 ,
976 2547 1151 2624 λέγων
1211 2569 1222 2581 ·
1288 2553 1573 2615 Ἕκστασις
1631 2553 1720 2608 καὶ
1779 2557 1974 2630 φρικτὰ

313 2635 542 2710 ἐγενήθη
601 2635 687 2691 ἐπὶ
734 2645 834 2706 τῆς
885 2645 1013 2712 γῆς,
1061 2639 1190 2708 καὶ,
1240 2640 1455 2710 Ἐξέστη
1519 2643 1546 2695 6
1601 2642 1826 2718 οὐρανὸς
1887 2644 1972 2698 ἐπὶ

311 2725 511 2800 τούτῳ,
544 2727 633 2780 καὶ
679 2729 712 2796 ἡ
749 2734 819 2801 γῆ
871 2726 957 2782 ἐπὶ
1008 2725 1198 2782 πλεῖον
1253 2727 1432 2807 ἔφριξε
1481 2729 1687 2809 σφόδρα
1719 2751 1732 2800 ;
1768 2733 1830 2785 Οἱ
1863 2736 1975 2807 (75)

313 2816 541 2890 πατέρες
572 2819 680 2869 τῶν
717 2815 887 2887 λαῶν,
937 2818 1028 2871 καὶ
1083 2815 1402 2873 διδάσκαλοι
1455 2828 1555 2890 τῆς
1605 2821 1839 2884 πίστεως
1892 2820 1973 2877 αἶ’-

315 2924 522 2980 ρονται,
555 2903 644 2958 καὶ
695 2906 751 2958 οἱ
801 2900 1011 2968 ἀσεϐεῖς
1063 2906 1138 2968 εἷς
1191 2909 1287 2969 τὰς
1340 2907 1667 2980 Ἐκκλησίας
1725 2911 1973 2988 εἰσάγον-

311 3013 419 3047 ται.
479 2992 592 3065 Τίς,
655 2992 743 3048 ὅτε
791 2990 1038 3069 Διϐέριος
1092 2995 1350 3052 ἐπίσοπος
1405 2999 1626 3071 Ῥώμης
1686 2999 1970 3076 ἐξωρίσθη,

312 3082 404 3136 καὶ
457 3083 485 3136 ὁ
536 3084 717 3157 πατὴρ
766 3088 874 3137 τῶν
929 3083 1235 3138 ἐπισκόπων
1271 3087 1298 3139 ὁ
1353 3087 1522 3161 μέγας
1571 3090 1778 3158 Ὅσιος,
1830 3089 1972 3144 οὕτω

314 3172 622 3247 πάσχοντα,
654 3173 688 3241 ἢ
719 3173 803 3234 τίς
837 3173 978 3246 ὁρῶν
1011 3173 1304 3236 τοσούτους
1357 3175 1684 3238 ἐπισκόπους
1737 3179 1840 3231 ἀπὸ
1869 3184 1970 3246 τῆς

317 3260 556 3323 Σπανίας
610 3262 699 3314 καὶ
742 3266 848 3314 τῶν
902 3260 1084 3316 ἄλλων
1144 3267 1320 3339 μερῶν
1383 3263 1815 3338 ἐξοριζομένους,
1873 3266 1970 3321 οὐκ

2153 2200 2240 2253 46.
2274 2197 2414 2260 Quis
2445 2196 2565 2251 huic
2597 2196 2644 2251 si
2677 2196 2891 2253 videat.
2951 2193 3037 2250 vel
3094 2192 3288 2248 solum
3340 2191 3560 2262 audiat,
3621 2208 3741 2248 non

2087 2289 2474 2358 obstupescet,
2509 2287 2579 2341 ad
2639 2284 3072 2355 Dominumque
3101 2281 3381 2338 clamabit
3435 2298 3449 2337 :
3504 2281 3646 2336 Num
3672 2279 3746 2336 ad

2085 2378 2519 2432 internecionem
2547 2375 2701 2430 dabis
2748 2375 2918 2429 Israel
2956 2374 2997 2408 ¹⁸
3025 2372 3053 2426 ?
3109 2371 3248 2436 Quis
3307 2370 3428 2425 haec
3476 2368 3742 2425 animad-

2083 2471 2309 2522 vertcns
2345 2482 2459 2520 non
2506 2468 2832 2536 opportune
2865 2463 2936 2517 ad
2993 2461 3311 2518 Dominum
3342 2458 3696 2514 exclamabit
3726 2475 3742 2516 :

2085 2555 2286 2626 Stupor
2315 2559 2366 2610 ct
2397 2555 2694 2610 horribilia
2721 2554 2873 2628 facta
2907 2556 3034 2607 sunt
3062 2567 3226 2622 super
3257 2554 3464 2605 terram
3496 2549 3541 2584 ¹⁹
3573 2566 3587 2617 ;
3647 2551 3743 2605 et:

2087 2645 2375 2716 Obstupuit
2407 2643 2610 2698 emtum
2637 2660 2799 2715 super
2827 2642 2943 2712 hoc,
3004 2645 3054 2696 et
3099 2643 3247 2695 terra
3273 2639 3614 2695 vehementer
3640 2654 3744 2695 ex-

2084 2737 2304 2790 horruit
2335 2736 2380 2768 ²⁰
2411 2737 2435 2787 .9
2464 2734 2664 2788 Patres
2696 2731 3046 2804 populorum
3079 2734 3135 2786 et
3165 2729 3299 2784 ﬁdei
3340 2727 3607 2800 magistri
3634 2726 3747 2784 tol-

2085 2823 2596 2895 luntur,impiique
2626 2823 2684 2877 in
2705 2821 2991 2877 Ecclesiae
3022 2816 3740 2887 intruduntur.Quisnam,

2087 2914 2185 2969 ubi
2216 2913 2360 2969 vidit
2389 2912 2681 2967 Liberium
2715 2911 3046 2966 Romanum
3103 2908 3450 2980 episcopum
3496 2906 3558 2962 in
3591 2906 3746 2963 exsi-

2083 3002 2229 3057 lium
2261 3002 2412 3073 ejici,
2443 3005 2546 3056 aut
2575 3005 2799 3072 patrem
2859 2999 3264 3070 episcoporum
3311 3012 3596 3069 magnum
3626 2995 3743 3052 Ho-

2084 3092 2237 3146 sium
2271 3091 2451 3147 tantis
2485 3090 2636 3145 afﬁci
2692 3087 2865 3144 malis
2925 3106 2938 3144 :
2999 3086 3132 3158 quis
3163 3101 3297 3140 cum
3329 3087 3592 3140 cerneret
3619 3087 3743 3141 tam

2083 3181 2298 3237 multos
2331 3180 2634 3252 episcopos
2687 3195 2756 3234 ex
2786 3175 3069 3249 Hispania
3113 3179 3172 3231 et
3201 3191 3270 3230 ex
3301 3172 3433 3230 aliis
3464 3173 3735 3246 partibus

2081 3274 2337 3326 extorres
2369 3269 2516 3333 ﬁeri,
2550 3283 2663 3322 non
2694 3265 3058 3338 exploratum
3089 3262 3321 3331 habuit,
3353 3261 3586 3318 etiamsi
3617 3278 3746 3320 mo-

314 3348 548 3425 ἐπέγνω,
592 3349 687 3404 κᾶν
735 3350 932 3424 ὀλίγην
984 3349 1226 3422 αἶ’σθησιν
1278 3351 1398 3428 ἔχῃ,
1449 3353 1532 3407 ὅτι
1582 3354 1670 3408 καὶ
1718 3357 1784 3409 τά
1830 3357 1965 3410 κατᾶ

2089 3360 2207 3414 dico
2240 3375 2417 3413 sensu
2451 3355 2732 3429 praeditus
2775 3359 2950 3421 esset,
2993 3351 3435 3408 criminationes
3466 3351 3526 3407 in
3557 3351 3742 3408 Atha-

312 3440 628 3494 Ἀθανάσιον
678 3441 767 3494 καὶ
815 3439 940 3502 τοὺς
995 3439 1198 3503 ἄλλους
1247 3445 1541 3520 προφάσεις
1591 3444 1691 3497 εἰσὶ
1725 3442 1960 3518 ψευδεῖς,

311 3528 402 3582 καὶ
456 3529 633 3582 πάντα
690 3528 1045 3606 συκοφαντίας
1105 3532 1272 3602 μεστά
1322 3532 1580 3600 ;Το·3του
1638 3534 1740 3607 γὰρ
1801 3535 1962 3609 χάριν

310 3617 552 3671 κάκεῖνοι
608 3619 781 3671 πάντα
836 3620 1020 3672 παθεῖν
1094 3619 1380 3692 ὑπέμειναν
1416 3667 1429 3691 ,
1487 3627 1816 3695 συνορῶντες
1865 3625 1964 3691 τὴν

313 3707 616 3781 γενομένη)
668 3706 726 3760 ἐκ
765 3708 1120 3784 συκοφαντίας
1173 3707 1388 3764 ἐκείνων
1444 3705 1764 3781 ἐπιϐουλήν.
1818 3712 1966 3765 Ἐπεὶ

313 3800 470 3850 ποῖον
507 3793 764 3871 ἔγκλημα
792 3797 882 3850 καὶ
915 3792 1148 3870 Διϐερίῳ
1181 3817 1194 3866 ;
1227 3799 1261 3867 ἢ
1313 3799 1444 3853 ποία
1491 3801 1796 3875 κατηγορία
1824 3803 1969 3872 ςκατά

313 3889 410 3939 τοῦ
445 3885 702 3960 γέροντος
732 3885 910 3940 Ὀσίου
943 3904 956 3952 ;
988 3886 1072 3948 τίς
1120 3887 1216 3940 κᾶν
1271 3887 1528 3961 ἐψεύσατο
1577 3891 1712 3943 κατά
1762 3889 1965 3944 Παυλί-

312 3995 430 4044 νου,
477 3974 568 4028 καὶ
619 3975 977 4052 Λουκιφέρου,
1027 3975 1116 4029 καὶ
1170 3977 1472 4049 Διονυσίου,
1519 3978 1608 4032 καὶ
1659 3974 1966 4048 Εὐσεϐίου;

313 4063 348 4132 ἢ
409 4068 567 4117 ποῖον
629 4064 930 4140 ἁμάρτημα
984 4067 1120 4119 κατὰ
1174 4070 1280 4120 τῶν
1343 4065 1528 4121 ἄλλων
1592 4066 1966 4143 ἐξορισθέντων

322 4152 652 4225 ἐπισκόπων,
704 4153 793 4207 καὶ
851 4149 1262 4230 πρεσϐυτέρων,
1321 4157 1410 4210 καὶ
1471 4154 1732 4211 διακόνων
1798 4177 1810 4226 ;
1872 4158 1970 4212 οὐκ

323 4239 433 4296 ἔστι
464 4246 650 4311 τοῦτο,
677 4243 750 4315 μή
784 4243 996 4316 γένοιτο
1031 4245 1042 4298 !
1077 4243 1148 4297 Οὐ
1199 4246 1302 4320 γὰρ
1354 4242 1422 4298 δι’
1459 4243 1782 4320 ἐγκλήματα
1814 4247 1972 4322 γεγό-

318 4351 468 4385 νασιν
523 4332 579 4385 αἱ
628 4333 898 4401 συσκευαὶ,
932 4329 1061 4386 οὐδὲ
1101 4330 1190 4387 διὰ
1235 4335 1567 4408 κατηγορίαν
1621 4333 1842 4399 ἕκαστος
1892 4337 1972 4407 ἐξ·

391 4485 432 4521 ¹⁸
464 4484 669 4542 Ezech.
701 4503 782 4552 x1,
816 4487 901 4540 13.
935 4487 977 4521 ¹⁶
1005 4486 1223 4542 Jerem.
1255 4503 1310 4558 v,
1333 4489 1421 4543 30.
1453 4489 1500 4523 ¹⁰
1543 4489 1755 4545 Jerem.
1787 4508 1854 4558 ιι,
1886 4493 1972 4548 12.

391 4665 506 4738 (ῖ2)
536 4663 632 4720 Sic
663 4664 1022 4738 Reg.probe;
1070 4664 1209 4738 editi
1255 4665 1429 4738 male,
1451 4673 1544 4735 τῆι
1578 4667 1976 4730 Σπανίας.ΜοΧ

322 4736 383 4792 in
402 4735 586 4808 'Reg.,
612 4740 691 4808 τῷ
720 4735 882 4792 deest
911 4742 1045 4808 ante
1078 4735 1262 4807 Ὀσίῳ.

397 4778 1386 4894 ἀξῖὲἒιὲἱῖβοεξ
1418 4809 1579 4894 Reg.,
1613 4812 1852 4894 Optime,
1882 4816 1979 4894 τοῦ
2011 4778 2057 4842 D

327 4880 536 4952 πατρὸς
565 4880 688 4947 τήν,
725 4880 876 4936 Editi
909 4897 1234 4955 perperam,
1263 4880 1390 4955 τοῦ
1412 4880 1582 4955 --πρὸς
1633 4880 1753 4950 τήν.
1807 4885 1982 4940 Ortus

328 4967 494 5006 error
514 4966 583 5005 ex
606 4952 1053 5008 amanuensium
1077 4952 1451 5007 abbreviandi
1475 4952 1699 5010 ratione
1723 4955 1781 5020 ;ii
1815 4973 1984 5010 nam-

321 5038 437 5097 que
460 5021 578 5077 fere
608 5039 862 5097 semper,
896 5023 1121 5097 πατρὸς,
1183 5024 1370 5097 πατρὶ,
1403 5025 1651 5097 πατέρες,
1716 5027 1796 5080 ita
1839 5027 1982 5082 scri-

328 5092 496 5177 bunt,
531 5092 686 5176 πρὸς,
721 5092 837 5166 πρὶ,
871 5092 1209 5177 πρέςξρυοᾱ
1241 5092 1504 5177 editores
1530 5092 1853 5177 saepissime
1900 5101 1983 5177 f_e-

328 5164 496 5231 fellit,
533 5164 786 5239 maxime
818 5164 1413 5239 apudAthanasium,
1451 5169 1548 5224 ubi
1581 5164 1806 5224 similes
1836 5170 1988 5224 infra

327 5251 554 5308 errores
585 5238 807 5308 passim
842 5238 1291 5295 animadvertas.
1314 5240 1435 5296 Non
1471 5240 1661 5294 solum
1698 5245 1892 5296 autem
1926 5241 1985 5295 in

328 5307 570 5388 casibus
590 5307 858 5388 ’obliquis
890 5310 1046 5388 vocis
1089 5312 1270 5385 πατήρ
1311 5311 1535 5388 lapsus
1559 5312 1653 5366 ille
1685 5311 1940 5388 obtinuit
1971 5330 1985 5380 ;

331 5379 642 5460 sedoetiam
687 5379 758 5460 in
796 5382 1134 5460 nominibus
1186 5379 1436 5453 propriis
1486 5383 1558 5460 ab
1590 5400 1658 5439 ea
1688 5379 1984 5440 derivatis.

401 5450 492 5504 Sic
509 5450 623 5526 duo
640 5452 892 5526 episcopi
911 5454 1126 5526 quibus
1141 5450 1349 5509 nomen
1371 5460 1407 5507 [1
1419 5453 1660 5526 ατρίκιος
1673 5463 1986 5522 erat,men-

331 5522 471 5603 dose
505 5519 727 5603 ῌρίκιρς
749 5519 1429 5603 ini—superioribuseditis
1452 5519 1946 5603 n'uncupabantur
1973 5545 1985 5582 :

331 5599 395 5668 ut
444 5596 969 5668 a_nimadvertimus
1029 5597 1084 5668 in
1123 5598 1382 5668 Apologia
1413 5607 1602 5652 contra
1635 5596 1890 5665 Ariunos,
1925 5617 1984 5653 ιι.

331 5665 424 5747 5θ.
455 5664 943 5747 gaveantuitaque
973 5667 1085 5747 sibi
1119 5664 1189 5747 ab
1222 5664 1508 5747 ejusmodi
1545 5670 1682 5724 vitio
1715 5671 1814 5741 qui
1845 5664 1987 5747 seri-

333 5736 604 5817 ptoribus
626 5736 989 5817 quibuslibet
1007 5739 1218 5795 Graecis
1230 5736 1470 5817 edendis
1493 5736 1985 5817 operam-navant,

333 5806 560 5865 similes
573 5806 789 5883 quippe
810 5810 947 5868 alibi
971 5827 1228 5868 errorres
1246 5806 1620 5869 vidimus.Sic
1640 5806 1989 5886 Xenophon?

2076 3448 2308 3503 nasium
2342 3447 2400 3501 in
2459 3446 2721 3517 aliosque
2778 3443 3004 3510 allatas,
3038 3441 3317 3498 conﬁctas
3347 3439 3552 3513 fuisse,
3609 3457 3740 3498 om-

2077 3537 2288 3607 niaque
2320 3533 2626 3590 calumnize
2660 3533 2876 3606 plena?
2901 3532 3031 3587 Ideo
3055 3531 3210 3586 enim
3241 3529 3328 3585 illi
3350 3529 3549 3586 omnia
3577 3529 3737 3588 mala

2076 3625 2420 3698 perferenda
2451 3627 2756 3696 putarunt,
2816 3622 2972 3693 quod
3002 3620 3248 3676 insidias
3302 3637 3371 3676 ex
3401 3635 3603 3676 eorum
3636 3636 3732 3693 sy-

2078 3715 2385 3784 cophantia
2413 3718 2668 3768 structas
2688 3714 3018 3782 compertas
3047 3710 3350 3766 haberent.
3376 3709 3539 3774 Quod
3572 3709 3732 3766 enim

2080 3803 2286 3859 Liberii
2311 3803 2528 3858 crimen
2555 3803 2582 3856 ‘?
2615 3819 2742 3873 quae
2776 3801 3056 3856 adversus
3085 3814 3287 3854 senem
3317 3797 3561 3854 Hosium
3617 3798 3734 3855 cri-

2080 3893 2322 3948 minatio
2344 3893 2371 3946 ?
2403 3893 2535 3963 quis
2567 3890 2834 3960 Paulino,
2869 3887 3430 3960 Lucifero,Dionysio
3461 3891 3520 3943 et
3549 3887 3732 3944 Euse-

2078 3983 2196 4050 bio,
2227 3981 2313 4037 vel
2348 3981 2559 4037 falsum
2611 3979 2804 4035 scelus
2843 3978 3126 4050 imposuit
3170 3978 3198 4034 ?
3254 3982 3358 4034 aut
3406 3994 3534 4048 quae
3565 3976 3738 4049 culpa

2081 4072 2328 4128 aliorum
2357 4070 2649 4138 exsulum,
2683 4069 3117 4141 episcoporum,
3149 4068 3652 4140 presbyterorum,
3683 4069 3742 4123 et

2081 4161 2474 4217 diaconorum
2499 4161 2526 4214 ‘?
2557 4159 2719 4214 nulla
2749 4175 2889 4214 sane
2919 4159 3048 4224 fuit,
3081 4157 3252 4213 absit.
3285 4156 3412 4215 Non
3444 4156 3602 4212 enim
3630 4155 3742 4212 cri-

2083 4250 2260 4306 minis
2316 4249 2649 4321 cujuspiam
2711 4265 2888 4304 causa
2955 4245 3420 4320 conspirationes
3479 4246 3740 4302 conﬂata:

2083 4345 2242 4411 sunt,
2274 4355 2462 4412 neque
2518 4339 2590 4395 ob
2604 4338 2810 4396 allatas
2833 4337 3274 4394 criminationes
3305 4333 3521 4408 singuli
3551 4337 3741 4392 extor-

2081 4671 2159 4727 tis
2191 4669 2290 4724 lib.
2325 4685 2422 4723 vm
2472 4666 2840 4738 Hist._Gr.re.,
2874 4683 2932 4738 p.
2992 4665 3120 4733 613,
3180 4657 3440 4738 Προκλῆς
3497 4664 3747 4719 vocatur

2087 4744 2242 4798 idem
2277 4741 2374 4812 qui
2407 4735 2752 4812 Πατροκλῆς,
2787 4735 2894 4792 lib:
2919 4754 2995 4804 vx,
3044 4752 3174 4808 pag.
3205 4736 3332 4802 640,
3366 4738 3744 4808 nuncupatus

2093 4816 2300 4869 fuerat.

2167 4887 2300 4949 Quae
2333 4882 2571 4938 llosium
2598 4899 2731 4938 vero
2759 4884 2983 4953 spectat
3040 4881 3168 4936 fuse
3206 4877 3265 4934 in
3296 4878 3589 4934 Athanasii
3623 4879 3746 4935 Vita

2097 4961 2546 5028 pertractemus.

2165 5029 2278 5097 (74)
2336 5027 2620 5081 Putamus
2677 5026 2833 5079 hunc
2863 5022 3062 5097 locum
3086 5020 3406 5097 Ezechielis
3436 5037 3584 5097 esse,
3615 5021 3747 5097 __qui

2094 5091 2268 5170 longe
2293 5099 2540 5152 diversis
2570 5097 2762 5152 verbis
2821 5094 3168 5170 egprimitur
3221 5093 3376 5170 apud
3426 5093 3585 5170 LXX,
3614 5091 3751 5170 licet

2094 5162 2295 5226 ead‘ém
2334 5172 2448 5225 fere
2476 5170 2782 5224 sententia.
2819 5162 3004 5238 Οἷ⁷μοι,
3037 5162 3211 5237 οἷ’μοι,
3245 5162 3427 5238 Κύριε·
3461 5163 3542 5238 εἰς
3569 5163 3750 5238 συντέ-

2097 5261 2244 5294 Λειαν
2278 5238 2454 5300 ποιεῖς
2497 5238 2558 5292 σὺ
2593 5239 2718 5299 τοὸς
2771 5211 3138 5297 καταᾟιοίποιίς
3195 5211 3290 5289 τοῦ
3325 5211 3582 5305 ΙζΙσραήλ.
3642 5234 3752 5291 Ibi-

2097 5315 2226 5368 dem
2263 5313 2911 5386 Reg.,_rcon’,aaig,rec_te.
2947 5309 3092 5364 Editi
3120 5325 3274 5386 vero,
3304 5307 3566 5386 ποιήσῃς.

2166 5385 2280 5455 (³75)
2311 5378 2400 5438 Sic
2430 5378 2660 5455 Reg.'et
2692 5382 2864 5455 Basil.
2901 5387 3073 5455 recte,
3127 5378 3543 5455 et__i‘ta_legerat
3571 5378 3750 5455 inter-

2098 5447 2230 5527 pres
2262 5447 2447 5510 vetus.
2484 5447 2627 5509 Editi
2671 5453 2720 5507 οὶ
2761 5447 3139 5527 πρεσϐύτεροι.
3173 5447 3460 5509 Nimirum
3504 5465 3640 5527 cum
3682 5448 3748 5527 _i_n

2097 5519 2398 5582 codicibus
2430 5545 2572 5582 mss.
2607 5545 2737 5600 πρες
2771 5519 3472 5600 legereturmmanuenses
3503 5526 3605 5600 aut
3632 5519 3752 5576 edi-

2107 5606 2280 5662 tores,
2315 5616 2584 5654 mancam
2645 5588 2858 5652 vocem”
2875 5613 3022 5670 esse,
3055 5588 3124 5670 ac
3163 5588 3752 5670 npea6drepoc_leg_en-

2098 5672 2239 5724 dum
2275 5675 2577 5742 putarunt.
2613 5671 2715 5742 Hic
2748 5671 2946 5740 lapsus
2980 5669 3131 5742 intra
3159 5664 3298 5742 item
3326 5664 3748 5742 _occi1rrit_,Qu_ae

2099 5735 2428 5812 sequuntur
2455 5759 2628 5814 porro
2687 5735 2974 5796 habentur
3031 5739 3171 5796 item
3228 5738 3286 5794 in
3316 5739 3431 5794 ﬁne
3459 5735 3752 5811 apologis:

2096 5821 2286 5870 contra
2316 5815 2566 5871 Arianos.
