4132 6380
385 439 501 504 78‘!

386 589 483 631 res
512 581 657 632 sunt
685 575 821 633 facti
872 592 887 635 :

382 646 707 737 impietatis
766 669 1044 724 adversus
1103 670 1253 726 295
1316 646 1625 741 pietatem,
1673 646 2054 737 studiumque

387 772 528 830 erga
557 757 827 813 haeresim
859 759 1156 829 Arianam,
1188 758 1591 831 przeludiaque
1624 757 1907 811 adventus
1936 757 2052 809 An-

381 845 661 916 tichristi,
695 847 789 903 cui
815 846 973 903 viam
1008 852 1299 920 praeparat
1328 846 1725 903 Constantius.

453 1027 549 1083 47.
585 1026 779 1099 (ANNO
806 1027 1109 1099 356.)Nam
1142 1029 1459 1098 postquam
1493 1042 1619 1097 quae
1651 1023 1823 1081 libuit
1852 1025 2049 1081 omnia

380 1117 662 1173 adversus
685 1115 971 1172 Ecclesiae
996 1116 1173 1171 Italiae
1211 1115 1587 1187 aliarumque
1610 1115 1915 1185 regionum
1948 1131 2046 1187 pe-

386 1207 669 1279 regisset:
703 1210 1015 1277 postquam
1045 1205 1153 1261 hos
1204 1207 1262 1261 in
1295 1204 1568 1261 exsilium
1602 1204 1881 1269 misisset,
1914 1204 2046 1260 illos

383 1296 438 1352 vl
462 1296 766 1368 coegisset,
786 1312 853 1351 ac
891 1295 1091 1351 omnia
1122 1295 1343 1367 ubique
1376 1294 1688 1350 formidine
1718 1294 2041 1366 implesset,

386 1384 643 1441 furorem
675 1384 926 1457 denique
948 1383 1337 1455 suum,instar
1366 1384 1677 1453 cujusdam
1711 1384 2047 1449 morbi,ver—

385 1473 541 1530 titin
600 1475 806 1530 urbem
836 1474 1271 1532 Alexandriam.
1329 1473 1548 1530 Callide
1579 1477 1773 1529 autem
1829 1472 2044 1528 Christi

387 1562 589 1621 hostes
616 1580 747 1621 eam
777 1580 902 1621 rem
935 1564 1195 1637 aggressi
1230 1569 1369 1620 sunt
1400 1580 1413 1618 :
1449 1580 1702 1635 namque
1734 1569 1799 1618 ut
1829 1562 2043 1618 multo-

386 1668 519 1708 rum
533 1652 941 1726 episcoporum
956 1652 1447 1725 subscriptionem
1469 1657 1763 1708 ostentare
1782 1658 2042 1725 possent,

383 1746 745 1814 vexatusque
776 1742 1133 1798 Athanasius
1164 1741 1397 1798 nullum
1438 1742 1676 1797 haberet
1701 1743 2043 1814 episcopum

385 1833 544 1909 apud
579 1848 756 1906 quem
814 1835 1285 1903 conquereretur,
1330 1832 1529 1886 omnia
1580 1833 1795 1903 ubique
1828 1837 2045 1887 terrore

932 444 999 509 S.
1044 442 1478 510 ATHANASII
1522 444 1698 508 OPP.
1740 443 1944 506 PARS
1988 442 2040 504 Ῑ.

2175 440 2604 506 meream
2645 440 2748 504 ΕΤ
2784 437 3268 505 DOGMATIGA.
3312 409 3316 412 ⁴

3691 426 3816 500 1’82

938 579 1038 635 sed
1071 578 1216 634 nihil
1247 578 1389 634 illud
1447 583 1537 633 est
1593 594 1771 650 quam
1825 575 2053 649 eruptio

2175 572 2396 649 mptaﬁ‘r,‘
2458 570 2583 627 ἀλλ’
2633 571 2984 635 ἐπανάστασίς
3042 570 3151 627 ἐστι
3203 576 3304 640 τῆς
3371 561 3617 631 ἀσεϐείας
3677 568 3817 624 κατὰ

2159 670 2258 731 τῆς
2316 658 2584 724 εὐσεϐείας
2619 684 2632 697 ο
2664 663 2753 717 καὶ
2799 660 3006 731 σπουδή
3046 662 3139 736 μὲν
3196 660 3328 737 ὑπὲρ
3375 665 3477 729 τῆς
3528 660 3815 734 ’Δρειανῆς

2157 753 2441 827 αἱρέσεως,
2474 751 2742 827 προοίμια
2769 749 2825 806 δὲ
2856 752 2945 806 καὶ
2996 758 3099 820 τῆς
3144 754 3241 804 τοῦ
3291 748 3670 824 Ἀντιχρίστου
3701 751 3816 822 (76)

2157 840 2399 918 παρόδου
2431 886 2450 915 ,
2510 841 2884 896 Κωνσταντίου
2938 841 3140 909 ταύτην
3212 839 3814 916 προκατασκευάζοντος

2160 930 2370 1004 ἐκείνῳ.

2228 1024 2317 1079 47.
2380 1022 2533 1078 Μετᾶ
2589 1023 2692 1097 γὰρ
2749 1021 2811 1075 τὸ
2870 1018 3255 1094 δῖαπράξασθαι
3331 1020 3506 1073 πάντα
3538 1062 3553 1088 ,
3611 1016 3815 1092 ὅσαπερ

2156 1108 2422 1180 ἠθέλησεν
2453 1110 2529 1172 εἷς
2559 1111 2655 1171 τὰς
2705 1107 3035 1178 Ἐκκλησίας
3074 1110 3171 1170 τὰς
3221 1107 3273 1162 ἐν
3322 1112 3390 1181 τῇ
3446 1104 3674 1179 Ἰταλίᾳ,
3723 1106 3815 1161 καὶ

2153 1201 2220 1253 τὰ
2253 1197 2395 1254 ἄλλα
2432 1202 2568 1275 μέρη
2609 1221 2621 1233 ·
2663 1200 2798 1273 μετά
2842 1200 2903 1253 τὸ
2949 1197 3075 1260 τοὺς
3131 1198 3224 1271 μὲν
3278 1196 3536 1272 ἐξορίσαι,
3585 1196 3715 1259 τοὺς
3758 1194 3817 1251 δὲ

2157 1290 2477 1363 ἀναγκάσαι,
2524 1290 2615 1343 καὶ
2652 1287 2948 1364 πληρῶσαι
3002 1282 3173 1366 φόϐου
3220 1289 3288 1342 τὰ
3335 1290 3640 1362 πανταχοῦ,
3694 1283 3818 1341 λοι-

2155 1380 2253 1433 πὸν
2305 1378 2380 1441 εἷς
2438 1376 2854 1454 ’Δλεξάνδρειαν
2889 1377 3069 1451 ὥσπερ
3119 1398 3170 1431 τι
3216 1376 3435 1450 νόσημα
3476 1376 3573 1430 τὸν
3622 1376 3819 1431 ἑαυτοῦ

2153 1468 2322 1542 θυμὸν
2388 1465 2637 1544 ἔστρεψεν
2700 1486 2711 1498 ·
2773 1466 3055 1543 Ἐγίγνετο
3134 1463 3191 1520 δὲ
3263 1470 3426 1521 τοῦτο
3482 1464 3819 1541 πανούργως

2152 1559 2299 1632 παρὰ
2325 1563 2434 1612 τῶν
2480 1558 2881 1633 Χριστομάχων
2919 1578 2931 1590 ·
2973 1554 3068 1610 ’ίνα
3114 1557 3219 1631 γὰρ
3268 1553 3562 1633 φαντασίαν
3614 1550 3817 1631 ἔχωσιν

2156 1648 2479 1725 ὑπογραφῆς
2535 1644 2762 1701 πολλῶν
2825 1644 3133 1701 ἐπισκόπων
3170 1691 3183 1716 ,
3242 1644 3333 1699 καὶ
3387 1642 3480 1700 ’ίνα
3559 1642 3821 1720 διωχθεὶς

2154 1738 2471 1799 Ἀθανάσιος
2507 1738 2580 1810 μή
2618 1734 2721 1811 ἔχῃ
2751 1734 2847 1790 κᾶν
2900 1732 3260 1809 ἀποδύρεσθαι
3309 1734 3449 1810 πρὸς
3498 1732 3818 1804 ἐπίσκοπον,

2154 1826 2244 1882 διὰ
2280 1831 2468 1894 τοῦτο,
2518 1821 3024 1903 προλαμϐάνοντες,
3072 1825 3139 1879 τὰ
3188 1828 3475 1899 πανταχοῦ
3522 1821 3824 1899 πεπληρώ-

381 1907 773 1994 impleverunt
797 1939 810 1977 :
833 1922 1108 1993 huncque
1131 1926 1417 1977 terrorem
1451 1921 1951 1976 succenturietum
1982 1920 2042 1975 in

2175 1936 2272 1970 :ao'r
2319 1910 2491 1993 φόϐου
2527 1937 2539 1949 ·
2572 1914 2662 1969 καὶ
2712 1919 2902 1969 τοῦτον
2958 1910 3181 1991 ἔφεδρον
3233 1912 3308 1974 εἷς
3362 1913 3461 1981 τὴν
3516 1907 3818 1981 ἐπιϐουλὴν

2235 2007 2246 2022 1
2555 2004 2568 2021 9
2673 2000 2753 2022 9‘!
2915 2003 2928 2022 ι
2988 2000 3012 2013 ⁵⁷
3291 2000 3317 2022 υ
3443 2001 3456 2021 ²
3658 2001 3691 2022 ’ν

379 2010 616 2067 insidiis
633 2014 940 2067 servarunt
963 2026 976 2066 :
1006 2027 1123 2067 non
1145 2011 1512 2067 advertentes
1536 2009 1731 2065 insani
1752 2010 2043 2081 homines,

383 2116 448 2156 se
479 2115 594 2156 non
623 2100 1028 2172 episcoporum
1062 2099 1425 2172 propositum
1461 2116 1564 2171 pro
1595 2116 1656 2154 se
1689 2100 2043 2167 obtendere;

387 2189 489 2246 sed
520 2189 634 2245 vim
659 2206 693 2245 a
723 2205 782 2247 se
813 2188 1036 2245 illatam
1068 2188 1336 2245 exhibere
1366 2207 1378 2245 :
1405 2206 1470 2244 ac
1491 2188 1625 2244 licet
1642 2188 1849 2244 fratres
1882 2190 2047 2244 dese-

388 2278 684 2348 rant,licet
712 2278 885 2335 amici
918 2283 974 2334 et
1002 2278 1125 2335 noti
1156 2277 1358 2350 procul
1390 2278 1684 2344 recedant,
1707 2294 2046 2349 quanquam

391 2368 723 2425 inveniatur
752 2385 923 2425 nemo
948 2368 1047 2440 qui
1072 2367 1375 2424 condoleat
1407 2373 1462 2422 et
1493 2366 2051 2435 consoletur,Domi-

394 2475 541 2514 num
569 2462 764 2515 tamen
823 2458 1101 2514 idoneum
1150 2458 1461 2529 majusque
1517 2458 1740 2512 caeteris
1772 2457 2049 2513 omnibus

393 2564 525 2605 esse
555 2548 910 2620 perfugium.
946 2546 1118 2603 Solus
1140 2534 1398 2618 namque
1428 2546 1584 2602 Elias
1615 2552 1739 2601 erat
1767 2546 1824 2601 in
1862 2562 2054 2618 perse-

396 2638 904 2709 eutione’1,sanoto
924 2641 1123 2691 tamen
1152 2637 1273 2691 viro
1291 2636 1445 2691 Deus
1468 2635 1527 2689 in
1560 2636 1838 2691 omnibus
1856 2635 2054 2691 omnia

398 2726 703 2784 erat.Banc
724 2726 865 2782 item
899 2725 1148 2780 formam
1180 2725 1350 2780 nobis
1374 2725 1616 2780 tradidit
1645 2725 1927 2790 Salvator,
1952 2724 2053 2797 qui

399 2814 564 2875 solus
593 2814 854 2883 relictus,
887 2813 1261 2870 inimicorum
1295 2813 1529 2870 insidiis
1570 2816 1958 2885 appetebatur
1988 2816 2053 2882 ²²,

399 2910 467 2963 ut
486 2905 539 2963 si
568 2921 676 2961 nos
705 2920 937 2976 quoque
958 2903 1016 2958 in
1042 2903 1443 2975 persecutione
1473 2904 1817 2960 deseramur
1845 2905 1918 2959 ab
1951 2903 2055 2960 ho-

400 2995 685 3061 minibus,
736 3010 808 3049 ne
864 2993 1337 3066 despondeamus
1397 2992 1681 3064 animum,
1711 2994 1812 3049 sed
1844 2994 1902 3048 in
1954 2992 2055 3049 illo

402 3099 569 3157 spem
599 3082 947 3153 habeamus,
981 3098 1171 3154 neque
1203 3082 1534 3154 praedamus
1560 3082 1897 3138 veritatem:
1928 3099 2055 3155 quae

401 3172 538 3231 licet
565 3172 735 3229 initio
750 3171 1015 3229 videatur
1043 3171 1316 3245 opprimi,
1351 3175 1410 3227 at
1440 3188 1683 3228 nemum
1716 3172 1829 3245 ipsi
1863 3188 2057 3244 perse-

407 3266 639 3321 cutores
667 3278 794 3319 eam
827 3265 968 3318 sunt
996 3260 1271 3334 agnituri.

482 3353 570 3408 48.
605 3352 1019 3423 Imperatorem
1038 3332 1250 3423 itaque
1292 3350 1608 3411 concitant.
1669 3351 1769 3422 qui
1802 3349 2060 3423 primum
2092 3332 2136 3398 (ἶ

412 3441 641 3498 litteras
673 3439 875 3508 mittit,
910 3440 1222 3511 minasque
1253 3441 1325 3495 ad
1378 3439 1586 3496 ducem
1619 3444 1677 3495 et
1726 3440 1798 3495 ad
1831 3439 2070 3495 milites.

415 3531 711 3604 Legantur
736 3530 880 3586 item
912 3529 1124 3587 notarii
1154 3529 1487 3602 Diogenius,
1511 3533 1569 3585 et
1600 3529 1938 3600 Hilarius,et
1957 3546 2076 3586 una

417 3637 551 3677 cum
592 3620 712 3677 illis
743 3619 985 3692 palatini
1020 3637 1034 3687 ;
1066 3624 1311 3692 tumque
1342 3618 1543 3691 gravia
1573 3623 1628 3674 et
1660 3618 1943 3674 immania
1977 3620 2077 3674 ad-

416 3726 620 3767 versus
668 3710 987 3766 Ecclesiam
1044 3708 1201 3765 edita
1257 3713 1397 3764 sunt
1439 3708 1716 3773 facinora,
1750 3726 1877 3779 quae
1901 3708 2075 3780 paulo

356 3832 359 3835 -
422 3804 563 3855 ante
594 3797 797 3872 paucis
826 3797 1134 3871 perstricta
1163 3802 1323 3866 sunt,
1357 3796 1752 3870 omnibusque
1782 3803 2080 3870 comperta

415 3887 588 3946 exiis
619 3905 765 3960 quas
805 3887 1003 3960 populi
1035 3887 1268 3943 edidere
1327 3886 1874 3954 contestationibus,
1926 3905 2076 3959 quas

416 3978 489 4034 ad
519 3975 736 4034 calcem
768 3976 949 4048 hujus
980 3976 1183 4049 Operis
1218 3975 1595 4047 perscriptas,
1617 3976 1828 4047 cuique
1855 3976 2075 4032 volenti

415 4064 604 4139 legere
634 4064 849 4120 licebit.
899 4064 1044 4120 Hinc
1097 4069 1232 4136 post
1282 4063 1384 4119 illa
1439 4065 1664 4137 Syriani
1713 4070 1898 4138 gesta,
1943 4072 2076 4139 post

414 4157 580 4210 tanta
635 4153 898 4210 admissa
956 4153 1238 4224 facinora,
1291 4158 1423 4225 post
1482 4153 1677 4211 illatas
1746 4155 2075 4227 virginibus

414 4242 802 4302 contumelias
834 4269 848 4311 ;
912 4259 1046 4298 cum
1078 4244 1368 4316 ejusmodi
1401 4243 1620 4300 scelera
1650 4244 1746 4301 ille
1777 4247 2071 4318 probaret,

412 4332 637 4390 litteras
697 4348 931 4389 rursum
986 4331 1166 4387 mittit
1223 4332 1292 4387 ad
1336 4337 1602 4387 senatum
1672 4337 1729 4388 et
1786 4333 2072 4406 populum

411 4422 1140 4493 Alexandrinumjuvenes
1171 4420 1517 4487 sollicitans,
1543 4426 1608 4476 ut
1632 4422 1718 4476 vel
1753 4439 1870 4477 una
1891 4424 2071 4478 coacti

417 4512 803 4568 Athanasium
869 4515 1377 4584 persequerentur,
1423 4510 1507 4565 vel
1548 4515 1751 4566 notum
1793 4512 2077 4568 haberent

414 4601 574 4674 ipsos
606 4601 719 4658 sibi
748 4601 1019 4656 inimicos
1052 4601 1190 4655 fore.
1253 4605 1325 4654 At
1357 4598 1453 4654 ille
1482 4599 1567 4654 vel
1599 4606 1916 4671 antequam
1950 4601 2071 4657 hac

2155 2003 2426 2080 ἐτήρησαν
2466 2022 2478 2035 ·
2514 2004 2613 2058 οὐκ
2644 2000 2849 2065 εἰδότες
2882 2003 2933 2057 οἳ
2984 2000 3234 2080 ἄφρονες,
3286 2000 3370 2056 ὅτι
3403 2001 3464 2056 οὐ
3502 2001 3819 2077 προαίρεσιν

2157 2094 2492 2167 ἐπισκόπων,
2557 2091 2703 2148 ἀλλὰ
2752 2094 2852 2163 τὴν
2913 2098 3041 2168 παρ’
3098 2091 3273 2146 αὐτῶν
3331 2092 3635 2167 γενομένην
3699 2091 3820 2168 βίαν

2160 2182 2531 2240 ἐπεδείκνυντο
2563 2184 2676 2258 (77)
2710 2200 2723 2214 '
2758 2183 2848 2237 καὶ
2876 2181 2983 2251 ὅτι,
3014 2181 3110 2237 κᾶν
3145 2178 3373 2260 ἀδελφοὶ
3420 2178 3820 2255 καταλείψωσι,

2156 2274 2253 2330 κᾶν
2328 2271 2479 2352 φίλοι
2547 2274 2637 2327 καὶ
2708 2272 2985 2348 γνώριμοι
3067 2272 3274 2347 μακρὰν
3337 2272 3613 2326 ἀποστῶσι
3647 2318 3661 2343 ,
3730 2270 3822 2326 καὶ

2162 2361 2357 2438 μηδεὶς
2411 2363 2601 2437 εύρεθῇ
2658 2360 3113 2434 συλλυπούμενος
3157 2362 3248 2415 καὶ
3296 2358 3652 2436 παρακαλῶν,
3695 2357 3824 2416 ἀλλ’

2165 2454 2296 2527 ὑπὲρ
2328 2453 2502 2507 πάντα
2550 2449 2763 2525 μᾶλλον
2805 2454 2839 2522 ἡ
2892 2451 3028 2526 πρὸς
3075 2452 3203 2505 Θεὸν
3255 2449 3465 2526 ἐξαρκεῖ
3510 2452 3820 2527 καταφυγή.

2161 2544 2340 2605 Μόνος
2373 2544 2476 2617 γὰρ
2508 2543 2574 2611 ἦν
2606 2543 2697 2597 καὶ
2729 2539 2917 2603 Ἠλίας
2968 2538 3329 2613 διωκόμενος,
3375 2539 3466 2595 καὶ
3515 2541 3691 2595 πάντα
3727 2540 3820 2594 καὶ

2163 2633 2213 2688 ἐν
2249 2639 2409 2687 πᾶσιν
2461 2632 2528 2700 ἦν
2564 2632 2592 2686 ὁ
2635 2631 2768 2693 Θεὸς
2812 2635 2891 2703 τῷ
2942 2629 3105 2705 ἁγίῳ.
3158 2630 3258 2685 Καὶ
3299 2634 3496 2685 τοῦτον
3554 2628 3611 2685 δὲ
3658 2629 3831 2685 τύπον

2162 2724 2297 2795 ἡμῖν
2333 2718 2561 2776 δέδωκεν
2596 2722 2623 2775 ὁ
2658 2721 2877 2796 Σωτὴρ,
2928 2719 3019 2774 καὶ
3073 2718 3238 2792 μόνος
3288 2716 3656 2797 καταληφθεὶς
3691 2721 3833 2793 (78),

2167 2811 2269 2867 ὑπὸ
2314 2815 2423 2865 τῶν
2470 2809 2678 2885 ἐχθρῶν
2733 2804 3122 2863 ἐπεϐουλεύετο
3157 2826 3170 2839 ’
3200 2806 3292 2863 ’ίνα
3337 2806 3432 2863 κᾶν
3486 2811 3654 2882 ἡμεῖς
3718 2810 3841 2882 (79)

2167 2898 2495 2973 διωκόμενοι
2524 2896 2970 2976 καταλειφθῶμεν
3023 2897 3125 2952 ὑπὸ
3180 2897 3498 2974 ἀνθρώπων,
3536 2899 3611 2971 μή
3663 2897 3829 2952 ἐκκα-

2166 2994 2372 3063 κῶμεν,
2407 2986 2535 3043 ἄλλ’
2581 2983 2795 3063 ἔχωμεν
2850 2987 2925 3048 εἷς
2975 2986 3133 3041 αὐτὸν
3185 2987 3285 3056 τὴν
3337 2984 3555 3057 ἐλπίδα,
3604 2987 3707 3041 καὶ
3762 2988 3841 3060 μὴ

2163 3076 2511 3153 προδίδωμεν
2568 3080 2667 3147 τὴν
2702 3075 2958 3147 ἀλήθειαν
2996 3096 3008 3109 ·
3043 3076 3189 3147 ἥτις,
3221 3074 3319 3131 κᾶν
3340 3077 3483 3131 κατᾶ
3518 3078 3619 3146 τὴν
3655 3076 3840 3154 ἀρχὴν

2167 3163 2445 3224 θλίϐεσθαι
2476 3165 2622 3242 δόξῃ,
2660 3164 2787 3221 ἀλλ’
2818 3164 3042 3243 ὕστερον
3090 3166 3182 3221 καὶ
3231 3167 3284 3221 o't
3334 3163 3628 3229 διώκοντες
3671 3165 3840 3237 αὐτὴν

2174 3257 2586 3332 ἐπιγνώσονται.

2249 3350 2336 3404 48.
2387 3344 2753 3423 Παροξύνουσι
2802 3344 2981 3400 τοίνυν
3016 3392 3031 3418 ,
3090 3345 3181 3399 καὶ
3240 3346 3434 3424 γράφει
3490 3345 3554 3401 τὸ
3619 3349 3837 3422 πρῶτον

2190 3434 2465 3513 βασιλεὺς,
2517 3436 2607 3490 καὶ
2638 3436 2840 3507 πέμπει
2892 3434 3029 3511 πρὸς
3081 3455 3140 3490 τε
3188 3435 3280 3489 τὸν
3341 3432 3508 3490 δοῦκα
3562 3436 3652 3490 καὶ
3708 3434 3839 3498 τοὺς

2185 3525 2517 3602 στρατιώτας
2567 3522 2823 3595 ἀπειλήν.
2884 3524 3140 3600 Νοτάριοί
3188 3545 3247 3579 τε
3305 3524 3583 3600 Διογένιός
3631 3545 3690 3579 τε
3745 3524 3838 3579 καὶ

2184 3613 2443 3689 Ἰλάριος,
2501 3614 2588 3668 καὶ
2637 3611 2928 3669 παλατῖνοι
2979 3613 3071 3668 σὺν
3121 3612 3306 3677 αὐτοῖς
3356 3612 3786 3670 ἀποστέλλονται
3819 3633 3835 3647 ⁸

2183 3705 2273 3760 καὶ
2330 3705 2523 3779 γέγονε
2576 3704 2645 3759 τὰ
2693 3708 2927 3759 τοσαῦτα
2994 3700 3141 3759 δεινὰ
3194 3705 3285 3758 καὶ
3346 3704 3474 3778 ὠμᾶ
3545 3706 3681 3759 κατᾶ
3734 3711 3839 3775 τῆς

2184 3792 2533 3867 Ἐκκλησίας,
2566 3793 2597 3849 ἃ
2634 3798 2811 3870 μικρῷ
2848 3793 3076 3868 πρόσθεν
3118 3791 3186 3848 δι’
3356 3791 3564 3869 ὀλίγων
3601 3799 3838 3871 εἴρηται,

2183 3885 2274 3939 καὶ
2321 3885 2516 3946 πάντες
2565 3878 2828 3959 ἔγνωσαν,
2875 3883 2926 3955 ἐξ
2971 3884 3043 3937 ὧν
3095 3880 3287 3953 ἔθηκαν
3329 3884 3383 3937 οἱ
3415 3881 3541 3938 λαοὶ
3600 3881 3835 3959 διαμαρ-

2182 3978 2405 4048 τυριῶν,
2456 3973 2518 4035 ’ἀς
2557 3972 2647 4027 καὶ
2693 3973 2997 4047 ἀναγνῶναι
3049 3969 3269 4027 δύναταί
3315 3993 3402 4035 τις
3441 3972 3737 4051 γραφείσας
3782 3972 3837 4029 ἐν

2183 4068 2262 4135 τῷ
2315 4060 2462 4117 τὲλει
2512 4061 2721 4116 τούτων
2782 4064 2913 4137 (81).
2973 4061 3105 4116 Εἶτα
3162 4063 3297 4136 μετᾶ
3348 4062 3413 4117 τὸ
3470 4063 3715 4138 γενέσθαι
3771 4065 3843 4119 τὰ

2185 4153 2331 4226 παρὰ
2363 4156 2649 4225 Συριανοῦ,
2709 4153 2843 4225 μετᾶ
2888 4152 2950 4206 τὸ
2994 4152 3239 4227 γενέσθαι
3282 4156 3517 4207 τοσαῦτα
3562 4154 3700 4227 (82),
3746 4153 3841 4209 καὶ

2183 4245 2279 4304 τὰς
2336 4242 2472 4296 κατᾶ
2525 4245 2634 4295 τῶν
2687 4242 2965 4315 παρθένων
3024 4236 3253 4318 ὕϐρεις,
3309 4238 3710 4316 ἀποδεξάμενος
3773 4244 3845 4298 τὰ

2185 4330 2449 4387 οὕτωκαὶ
2507 4332 2574 4385 τὰ
2630 4332 2742 4405 (83)
2798 4335 3023 4386 τοιαῦτα
3073 4331 3231 4400 κακᾶ,
3291 4332 3488 4409 γράφει
3543 4330 3708 4387 πάλιν
3766 4337 3838 4408 τῇ

2190 4418 2365 4496 βουλῇ
2416 4420 2505 4476 καὶ
2553 4425 2632 4493 τῷ
2679 4418 2844 4493 δήμῳ
2886 4427 2988 4490 τῆς
3038 4417 3467 4494 ’Δλεξανδρείας,
3520 4421 3838 4499 παροξύνων

2182 4510 2309 4573 τοὺς
2367 4510 2686 4587 νεωτέρους,
2739 4508 2832 4564 ’ίνα
2875 4510 3070 4572 πάντες
3128 4508 3472 4573 συνελθόντες
3530 4511 3567 4580 ἢ
3628 4508 3839 4583 διώξω-

2186 4622 2265 4655 σιν
2327 4603 2438 4673 (84)
2495 4600 2852 4668 Ἀθανάσιον,
2909 4599 2945 4669 ἢ
3004 4600 3322 4674 γινώσκοιεν
3384 4599 3616 4677 ἐχθροὺς
3672 4600 3841 4656 αὐτοῦ

413 4690 837 4764 contingerent,
870 4706 938 4745 ex
969 4706 1085 4762 quo
1130 4690 1412 4762 Syrianus
1469 4689 1528 4744 in
1586 4688 1893 4745 ecclesiam
1922 4690 2060 4746 irru-

2343 4691 2353 4708 Ι
2565 4688 2577 4707 ν
2669 4688 2681 4707 Ι
2849 4688 2861 4705 ν
2911 4690 2925 4707 \
3190 4686 3218 4707 Ὗ
3406 4689 3421 4710 \
3563 4690 3577 4709 ‘
3787 4695 3812 4706 -

2178 4711 2468 4765 τυγχανειν
2521 4710 2738 4751 αυτούς.
2792 4695 2965 4751 Antor:
3013 4688 3108 4763 μὲν
3159 4710 3273 4760 ουν,
3332 4710 3423 4745 και
3482 4710 3607 4766 πριν
3663 4688 3837 4747 ἐλθειν

416 4781 521 4853 pit,
553 4782 924 4836 abscesserat
952 4779 1127 4852 (ANNO
1155 4780 1303 4849 356),
1348 4796 1482 4834 cum
1534 4780 1710 4834 sciret
1739 4779 1881 4834 illud
1914 4787 2069 4852 quod

415 4871 701 4943 scriptum
733 4873 822 4926 est
854 4886 866 4925 :
897 4868 1001 4925 Sed
1029 4869 1356 4924 abscondere
1410 4869 1682 4925 modicum
1743 4870 1814 4924 ad
1846 4887 2073 4928 nomen-

413 4967 550 5032 tum,
581 4960 749 5015 donec
800 4962 1154 5030 pertranseat
1184 4958 1494 5029 indignatio
1522 4958 1586 5013 ’3.
1626 4956 1845 5013 Harum
1876 4964 2074 5017 autem

2182 4786 2369 4850 ταῦτα,
2404 4778 2454 4849 ἐξ
2488 4778 2549 4833 οὗ
2578 4782 2647 4852 τῇ
2680 4775 2982 4849 Ἐκκλησία
3013 4779 3275 4852 Συριανὸς
3310 4777 3568 4850 ἐπῆλθεν,
3619 4781 3840 4855 ἀναχω-

2186 4871 2356 4946 ρήσας
2386 4869 2476 4939 ἦν,
2525 4864 2684 4929 εἰδὼς
2713 4867 2774 4922 τὸ
2817 4868 3202 4943 γεγραμμένον
3237 4887 3250 4900 ’
3284 4866 3445 4923 Ἀλλ’
3496 4864 3842 4943 ἀποκρύϐηθι

2190 4958 2380 5035 μικρὸν
2444 4957 2566 5012 ὅσον
2628 4957 2753 5011 ὃσον
2814 4958 2944 5031 (85),
3010 4950 3114 5020 ἕως
3175 4956 3233 5012 ἃν
3285 4955 3530 5033 παρέλθῃ
3574 4960 3609 5029 ἡ
3647 4957 3786 5033 ὀργή
3826 4979 3839 4991 ·

482 5078 530 5114 ’ί
561 5077 637 5132 ΙΙΙ
670 5076 810 5149 Reg.
842 5092 959 5141 xxx,
991 5076 1044 5144 3,
1077 5076 1131 5130 4.
1164 5075 1209 5109 ²²
1266 5074 1475 5130 Matth.
1528 5091 1682 5142 xxvr,
1737 5077 1828 5130 56.
1888 5076 1933 5111 ’3
1960 5078 2060 5133 Isa.

2175 5095 2263 5146 :vr,
2295 5079 2384 5132 20.

623 5175 789 5263 1383;,
823 5168 881 5227 δὲ
908 5170 1444 5263 ἱῆ¹..’ᾼντιγρίνπου.

630 5240 883 5318 Ita'fteg.
916 5240 1089 5316 Editi,
1121 5240 1485 5318 ἐπεδείκνυτο.

505 5250 575 5302 77
630 5250 716 5302 Ita
745 5252 883 5318 Reg.
918 5250 1089 5316 Editi,
1121 5250 1485 5301 ἐπεδείκνυτο.

505 5250 598 5391 78)
629 5319 960 5391 Sic_omne_s
990 5334 1137 5391 mss.
1168 5324 1224 5373 et
1255 5316 1415 5391 editi.
1453 5316 1565 5371 Sed
1606 5316 1838 5391 videtur
1866 5315 2066 5391 legenf

412 5386 555 5467 dum
582 5386 990 5467 καταλειφθείς,
1039 5394 1097 5445 et
1126 5390 1208 5445 ita
1258 5387 1399 5460 legit
1428 5393 1595 5443 vetus
1624 5386 1949 5460 interpres,
1969 5389 2069 5460 qui

411 5464 604 5530 vertit,
639 5463 949 5518 derelictus.

483 5536 597 5604 (79)
629 5533 829 5600 Basil.,
862 5533 1022 5605 ἡμῖν,
1057 5532 1227 5589 male.

486 5599 598 5677 (80)
630 5599 1086 5677 ΠειΗΘςέἘὰἰὶί
1145 5620 1300 5677 vero.
1366 5604 1545 5677 μικρῷ
1574 5599 1855 5677 πρότερον.
1893 5602 2070 5677 ξιιυὶο

416 5669 547 5804 post
577 5669 753 5731 Basil.
808 5669 982 5747 quem
1038 5669 1375 5745 sequimur,
1426 5669 1848 5800 δίαξιαρτὶριών.
1903 5674 2068 5745 Reg,

455 5748 505 5803 ιὰ
565 5750 894 5804 μαρτυριῶν.
947 5747 1099 5802 male
1128 5747 1329 5802 divisis
1361 5746 1618 5801 vocibus.
1716 5745 1819 5799 diti
1866 5763 2067 5804 perpe-

419 5745 505 5804 διὰ
565 5745 894 5819 μαρτυριῶν,
947 5747 1099 5802 male
1128 5747 1329 5802 divisis
1361 5746 1618 5801 vocibus.
1670 5745 1819 5800 Edit‘i
1866 5763 2067 5817 perpe-

419 5837 543 5877 ram
577 5815 1093 5889 διαμαρτυριῶντες.
1152 5825 1228 5874 Ex
1281 5818 1512 5874 duabus
1544 5815 1742 5887 itaque
1771 5821 2068 5875 Contesta-

2179 5176 2441 5231 tionibus
2473 5192 2599 5246 quae
2632 5174 2703 5229 ab
2739 5172 3060 5246 Athanasio
3091 5173 3228 5246 huic
3260 5173 3421 5246 operi
3451 5174 3687 5231 adnexa
3722 5174 3844 5231 ἠιθ-

2175 5253 2329 5315 rant,
2364 5244 2522 5318 prior
2579 5247 2651 5301 ob
2705 5245 2942 5300 allatam
3004 5246 3063 5299 in
3121 5244 3537 5302 Admonitione
3595 5262 3842 5303 causam

2177 5317 2399 5375 omissa
2427 5318 2656 5372 videtur
2682 5332 2695 5371 :
2735 5317 2994 5372 secunda
3018 5322 3249 5373 tantum
3283 5321 3573 5389 superest.

2249 5392 2360 5515 (81)
2387 5389 2516 5444 Haec
2547 5389 2805 5472 facinora
2831 5393 3149 5474 narrantur
3179 5389 3239 5445 in
3270 5389 3699 5447 Contestatione
3728 5404 3843 5462 po-

2249 5482 2253 5513 I
2286 5480 2299 5515 1
2336 5461 2736 5515 Alexandrini.
2770 5463 2940 5514 intra.

2178 5460 2299 5533 puli
2336 5460 2736 5533 Alexandrini,
2770 5461 2940 5514 infra.

2251 5534 2362 5599 (82)
2395 5533 2534 5603 Reg.
2548 5576 2561 5598 ,
2577 5532 2659 5584 ’τὰ
2686 5534 2941 5603 τοσαῦτα,

2252 5608 2362 5676 (83)
2396 5605 2455 5659 ln
2488 5602 2725 5676 Reg.,t_a_'r
2756 5603 3013 5659 deletum
3046 5606 3155 5659 est.

2274 5672 2365 5748 84)
2399 5676 2561 5748 Reg,
2576 5672 2903 5748 Ἑιώξουσιν.

2274 5678 2341 5729 84
2399 5678 2561 5748 Reg,
2597 5678 2903 5743 διώξουσιν.

2251 5678 2365 5819 (85)
2398 5748 2481 5802 Ita
2512 5748 2669 5819 Reg.)
2713 5747 2910 5818 probe.
2972 5745 3034 5801 In
3092 5745 3266 5819 editis
3313 5744 3495 5819 semel
3525 5740 3673 5819 ὅσον.
3708 5745 3848 5805 Mox

2178 5816 2318 5876 editi
2349 5816 2523 5890 male,
2550 5819 2621 5892 τῇ
2652 5816 2816 5894 ὀργῆ.
2858 5819 2999 5891 Reg.
3030 5822 3089 5875 et
3118 5816 3317 5889 Basil,,
3350 5818 3385 5890 ἡ
3420 5817 3582 5894 ὀργή.
