4132 6392
418 450 540 517 753

1359 451 1728 516 HISTORIA
1771 448 2248 515 ARIANORUM
2291 447 2394 509 AD
2437 447 2888 514 MONAGHOS.

3707 453 3828 518 754

417 589 524 640 τῶν
585 581 644 641 δὲ
692 587 1029 662 γραμμάτων
1077 608 1281 642 τουτων
1333 607 1535 662 γινεται
1598 583 1846 646 διάκονος
1904 584 2061 658 Ἡράο

2184 583 2503 638 litterarum
2536 584 2874 640 tabellarius
2904 584 3013 640 fuit
3041 583 3342 642 Heraelius
3370 585 3606 658 quidam
3641 588 3831 662 digni-

421 674 604 738 κλειός
661 698 744 740 τις
800 683 878 749 τῷ
941 678 1204 750 ἀξιώματι
1264 677 1444 749 κόμης
1483 722 1495 746 ,
1551 673 1858 752 προοδεόων
1928 674 2072 734 τινὸς

421 766 696 841 Γεωργίου
752 771 848 820 τοῦ
910 765 1392 838 ἀποστελλομένου
1446 767 1590 839 παρὰ
1647 770 1742 818 τοῦ
1807 761 2072 838 βασιλέως

1507 858 1618 927 (sit)

418 946 544 1018 παρ’
607 945 813 999 ἐκείνου
890 946 1283 1018 πεμπόμενος,
1367 946 1441 1017 μὴ
1503 946 1715 1018 γένοιτο
1780 946 1790 998 l
1853 944 1927 1005 ὡς
1986 941 2074 996 καὶ

417 856 758 910 κατασκόπου
819 876 831 889 ⁸
899 857 959 911 οὗ
1021 859 1123 930 γάρ
1204 856 1260 910 ἂν
1343 854 1423 926 εἶή
1507 858 1618 927 (Μὶ)
1697 854 1989 915 ἐπίσκοπος
2047 853 2074 905 ὁ

419 1032 555 1088 αὐτὰ
608 1036 675 1087 τὰ
730 1035 1018 1109 γενόμενα,
1073 1037 1162 1088 καὶ
1237 1037 1304 1088 τα
1360 1035 1628 1109 προοίμια
1703 1039 1803 1102 τῆς
1863 1029 2074 1087 εἶ’σόδου

423 1119 688 1177 δείκνυσιν
703 1168 714 1179 .

497 1216 688 1269 49-50,
723 1215 795 1266 Τὰ
846 1214 939 1287 μὲν
973 1212 1063 1267 οὖν
1115 1216 1413 1290 γράμματα
1454 1210 1729 1286 προῦθηκε
1761 1216 1871 1286 (87)
1904 1211 2075 1283 δημο-

421 1302 530 1373 σίᾳ,
563 1303 653 1357 καὶ
683 1301 902 1371 πολλὴν
939 1303 1203 1378 αἰσχύνην
1256 1301 1524 1357 ἐδείκνυον
1575 1308 1670 1356 τοῦ
1721 1304 2022 1379 γράφοντος
2060 1318 2070 1329 ·

419 1383 644 1461 Ἐπειδὴ
679 1394 802 1467 γὰρ,
853 1394 928 1454 ὡς
975 1388 1204 1469 ἔγραψεν
1237 1395 1264 1447 ὁ
1297 1393 1464 1468 μέγας
1517 1396 1721 1460 Ὄσιος,
1776 1391 1881 1465 οὐχ
1935 1391 2075 1464 εῧρι-

420 1501 514 1534 σκε
569 1483 796 1549 πιθανήν
848 1481 1114 1559 πρόφασιν
1171 1489 1270 1550 τῆς
1332 1483 1524 1535 ἑαυτοῦ
1587 1476 1918 1553 μεταϐολῆς,
1981 1479 2071 1534 ἐπ-

420 1566 610 1639 ενόησε
639 1567 838 1641 πολλῷ
891 1570 979 1623 καὶ
1031 1567 1240 1641 μᾶλλον
1291 1569 1686 1642 ἀπρεπεστέραν
1735 1569 1907 1640 ἑαυτῷ
1942 1587 1952 1599 ·
1986 1569 2074 1622 καὶ

417 1664 534 1720 τοῖς
582 1657 762 1731 τούτῳ
812 1654 1276 1731 συμϐουλεύσασιν
1315 1677 1326 1688 ·
1365 1655 1531 1736 ἔφησε
1581 1660 1682 1732 γάρ
1724 1677 1735 1688 ·
1777 1660 1883 1726 Τὴν
1940 1658 2074 1732 πρὸς

417 1748 509 1801 τὸν
558 1746 790 1825 ἀδελφὸν
847 1747 1171 1820 αἰδούμενος
1222 1746 1432 1825 φιλίαν,
1482 1748 1572 1801 τὸν
1621 1755 1722 1817 τῆς
1782 1748 1926 1810 θείας
1985 1748 2074 1802 καὶ

418 1832 675 1898 εὐσεϐοῦς
711 1839 958 1910 μνήμης,
988 1837 1074 1891 ἐπὶ
1105 1838 1289 1910 καιρὸν
1338 1836 1485 1908 αὐτῷ
1534 1838 1634 1905 τήν
1686 1837 1759 1898 ὡς
1811 1837 1948 1909 ὑμᾶς
1988 1858 2076 1911 γε-

416 1927 596 1981 νέσθαι
629 1925 864 2002 πάροδον
898 1927 1240 2001 ἠνεσχόμην.
1276 1931 1444 1980 Τοῦτο
1487 1924 1542 1980 δὲ
1573 1926 1661 1980 καὶ
1687 1928 1786 1994 τήν
1840 1925 2071 1999 ἐπαγγε-
2105 1963 2151 2028 Β

417 2014 538 2071 λίαν
573 2017 930 2089 ψευσάμενον,
986 2017 1075 2070 καὶ
1123 2017 1258 2086 πρὸς
1308 2017 1397 2069 τὸν
1453 2013 1681 2092 ἀδελφὸν
1740 2017 1872 2088 μετὰ
1903 2017 2064 2070 θάνα-

912 2103 934 2121 Ν

411 2126 504 2160 τον
562 2106 857 2180 ἀγνώμονα
907 2103 1172 2159 δείκνυσιν
1208 2149 1219 2160 .
1285 2105 1416 2158 Εἶτα
1475 2105 1620 2166 θείας
1673 2105 1763 2158 καὶ
1821 2100 2074 2165 εὐσεϐοῦς

415 2195 573 2250 αὐτὸν
629 2197 874 2267 μνήμης,
923 2194 1200 2267 ιῦσπεροῦν
1246 2195 1335 2248 καὶ
1387 2192 1553 2260 ἔστιν,
1602 2193 1746 2264 ἄξιον
1795 2193 2072 2266 ὀνομάζει,

413 2284 476 2338 οὗ
520 2284 620 2352 τὴν
673 2281 898 2351 ἐντολὴν
949 2283 1039 2338 καὶ
1087 2285 1185 2351 τὴν
1238 2281 1448 2360 φιλίαν,
1505 2283 1580 2345 ὡς
1632 2283 1791 2344 αὐτὸς
1853 2281 2074 2358 ἔγραψε,

410 2372 612 2443 καίτοι,
645 2372 692 2425 εἴ
721 2373 811 2426 καὶ
859 2370 947 2426 διὰ
994 2373 1085 2427 τὸν
1144 2372 1443 2447 μακαρίτην
1480 2373 1801 2426 Κώνσταντα
1851 2392 2076 2446 συγχω-

414 2463 584 2538 ρήσας
630 2463 738 2533 ἦν,
788 2456 991 2538 ὤφειλε
1042 2463 1115 2532 μή
1180 2462 1462 2530 ἀκαθήκων
1515 2462 1638 2538 περὶ
1703 2462 1794 2515 τὸν
1843 2459 2072 2538 ἀδελφὸν

427 2551 692 2626 γενέσθαι,
740 2548 813 2603 (ἶν’
873 2550 1051 2625 ὥσπερ
1109 2557 1210 2619 τῆς
1274 2548 1573 2624 βασιλείας,
1635 2550 1777 2604 οὕτω
1829 2551 1917 2604 καὶ
1975 2557 2076 2618 τῆς

426 2641 656 2715 γνώμης
701 2639 863 2693 αὐτοῦ
915 2637 1266 2714 κληρονόμος
1318 2640 1564 2714 γένηται.
1609 2638 1783 2693 Ἀλλὰ
1837 2641 1925 2693 τὸν
1982 2639 2074 2712 μεν

425 2729 759 2806 Βρετανίωνα
799 2727 1076 2801 καθεῖλεν,
1125 2727 1385 2800 ἐθελήσας
1433 2730 1494 2784 τὸ
1551 2727 1755 2784 δίκαιον
1809 2731 2072 2800 ἀπαιτεῖν,

423 2816 600 2893 λέγων
639 2840 650 2852 ·

420 2906 628 2982 γίνεται
662 2926 674 2976 ;
710 2905 797 2961 διὰ
829 2905 886 2962 δὲ
924 2910 1022 2976 τήν
1080 2909 1318 2984 μυσαράν
1371 2907 1571 2984 α’ίρεσιν
1620 2914 1726 2963 τῶν
1771 2911 2076 2984 Χριστομά-

687 2819 784 2872 Ιίνι
839 2821 971 2891 μετὰ
1019 2820 1240 2873 θάνατον
1305 2817 1554 2897 ἀδελφῶν
1632 2822 1667 2888 ἡ
1726 2817 2078 2895 κληρονομία

422 3016 540 3073 χων
574 2994 696 3051 οὔτε
726 2997 786 3050 τὸ
820 2995 1024 3052 δίκαιον
1059 2995 1223 3068 οἶδεν,
1281 2996 1426 3052 ἀλλά
1454 2999 1542 3052 καὶ
1587 3000 1723 3074 πρὸς
1752 2998 1879 3059 τοὺς
1915 2997 2073 3053 ἀδελ-

426 3086 562 3163 φοὺς
593 3087 875 3155 ἀκαθήκων
909 3085 1114 3160 γίνεται
1150 3105 1162 3118 ·
1200 3083 1268 3139 δι’
1297 3089 1358 3154 ἣν
1407 3084 1608 3162 α’ίρεσιν
1643 3090 1758 3159 (88)
1805 3085 1928 3141 οὐδέ
1979 3092 2073 3141 τοῦ

419 3176 623 3251 πατρὸς
659 3172 971 3250 ὁλόκληρον
1004 3177 1103 3243 τὴν
1137 3175 1365 3249 γνώμην
1414 3176 1699 3252 φυλάττειν
1744 3175 2019 3246 ἐνενόησεν
2055 3195 2068 3207 ·

420 3263 567 3320 ἀλλά
598 3265 674 3327 εἷς
727 3265 818 3337 μὲν
852 3265 913 3318 τὸ
948 3265 1168 3338 ἀρέσκον
1219 3270 1337 3326 τοῖς
1387 3261 1620 3332 ἀσεϐέσι,
1675 3269 1835 3320 τοῦτο
1883 3271 2068 3338 τηρεῖν

989 3355 1002 3370 \

993 3387 1007 3398 μ

2187 677 2301 727 tate
2331 690 2546 727 comes.
2591 675 2686 744 qui
2720 691 3044 746 praecursor
3075 676 3185 730 fuit
3232 677 3538 745 cujusdam
3572 678 3827 751 Georgii,

2187 779 2358 834 quem
2399 763 2713 834 imperator
2743 770 3140 836 catascopum,
3177 766 3232 819 id
3261 770 3350 820 est
3380 766 3831 837 exploratorem,

2187 852 2475 916 mittebat,
2509 853 2661 906 haud
2698 855 2852 908 enim
2883 856 3194 925 episcopus
3226 856 3276 909 is
3301 855 3473 911 fuerit
3503 856 3602 927 qui
3635 857 3831 913 abillo

2187 941 2458 1007 mittitur,
2496 943 2646 997 absit
2680 943 2690 996 !
2728 949 2791 997 ut
2821 949 2877 998 et
2908 961 2998 999 res
3030 950 3226 1015 gestm,
3261 949 3316 999 et
3370 945 3497 1016 ipsa
3526 945 3832 1019 ingressus

2185 1032 2313 1102 ejus
2344 1032 2623 1102 przeludia
2653 1034 3054 1103 comprobant.

2259 1211 2697 1266 40-50.Litteras
2728 1211 2923 1284 itaque
2955 1213 3500 1286 promulgavitquaa
3531 1215 3832 1286 ingentem

2185 1303 2494 1358 scribentis
2512 1303 2932 1372 turpitudinem
2956 1304 3282 1373 praeferrent
3297 1303 3457 1358 .Gum
3477 1296 3836 1378 enim,'prout

2189 1410 2440 1463 magnus
2463 1393 2778 1463 scripserat
2805 1391 3160 1460 Hosius,veri
3184 1392 3435 1447 similem
3460 1394 3682 1450 nullam
3704 1414 3836 1452 mu-

2187 1483 2425 1540 tationis
2458 1499 2578 1536 suae
2611 1497 2848 1535 causam
2869 1481 3118 1551 reperire
3139 1481 3531 1554 posset.longe
3555 1484 3834 1541 indecen-

2187 1577 2393 1631 tiorem
2426 1573 2536 1627 sibi
2571 1575 2626 1625 et
2658 1570 3006 1625 consiliariis
3037 1570 3128 1624 sui
3161 1572 3629 1628 comminiscitur
3661 1576 3832 1630 :Fra-

2186 1665 2293 1720 tris
2325 1664 2458 1726 mei,
2493 1661 2922 1724 aiebat,divinaa
2955 1677 3020 1714 ac
3052 1659 3156 1730 piae
3190 1661 3832 1732 memoriae,amicitiam

2187 1750 2854 1818 reveritus,Athanasius
2889 1749 2960 1803 ad
2989 1749 3283 1820 quoddam
3317 1751 3572 1820 spatium
3605 1757 3830 1825 tempo-

2188 1844 2268 1900 ris
2298 1860 2399 1898 vos
2432 1842 2586 1898 296
2620 1841 2777 1894 adire
2808 1839 3068 1911 permisi.
3106 1839 3252 1893 Illud
3295 1844 3490 1894 autem
3521 1857 3656 1896 eum
3687 1847 3743 1898 et
3771 1843 3832 1898 in

2187 1931 2496 2005 promissis
2530 1929 2794 1985 fallacem
2827 1932 2882 1982 et
2913 1945 3049 2000 erga
3081 1927 3318 1982 fratrem
3352 1946 3525 1984 suum
3559 1935 3692 2001 post
3715 1933 3836 1988 obi-

2185 2027 2308 2077 tum
2342 2022 2468 2092 ejus
2501 2020 2798 2091 ingratum
2817 2017 3642 2088 comprobat.Deinde,divinze
3667 2020 3833 2077 illum

2185 2129 2250 2167 ac
2281 2112 2387 2182 piae
2422 2107 2714 2164 memoriae
2747 2107 2833 2175 (ut
2864 2122 3057 2160 revera
3091 2122 3152 2160 se
3182 2105 3400 2176 habet),
3435 2108 3680 2180 dignum
3733 2128 3835 2184 ap-

2188 2200 2383 2272 pellat,
2401 2200 2572 2269 cujus
2591 2197 2934 2252 mandatum
2950 2201 3006 2250 et
3019 2196 3338 2250 amicitiam
3367 2195 3524 2267 (licet
3545 2198 3838 2257 Athanasii

2186 2290 2446 2358 redi/mn,
2484 2288 2539 2341 in
2575 2286 2824 2357 gratiam
2860 2289 3087 2338 tantum
3121 2285 3303 2340 beata
3360 2288 3655 2342 memoriae
3686 2289 3833 2344 Con-

2190 2379 2399 2435 stantis
2428 2375 3084 2450 permisisset)servasse
3111 2374 3498 2444 oportuit,nec
3532 2392 3660 2432 sese
3680 2377 3831 2434 inof-

2187 2469 2449 2524 ficiosum
2484 2483 2623 2538 erga
2654 2467 2890 2519 fratrem
2923 2462 3276 2528 exhibuisse,
3311 2469 3375 2518 ut
3405 2464 3556 2519 sicut
3579 2465 3832 2538 imperii,

2187 2561 2271 2616 sic
2303 2564 2357 2613 et
2388 2555 2687 2611 sententia:
2718 2553 2877 2608 illius
2904 2554 3089 2606 hmres
3123 2552 3284 2607 foret.
3310 2553 3420 2608 Sed
3453 2552 3549 2608 ille
3578 2571 3712 2610 cum
3733 2557 3833 2626 jus

2187 2665 2360 2705 suum
2397 2647 2655 2716 repetere
2681 2641 3284 2706 vellet,Vetranionem
3314 2641 3561 2713 imperio
3593 2643 3831 2700 abdica-

2188 2738 2288 2803 vit,
2322 2737 2444 2790 hrec
2475 2733 2638 2788 aiens
2671 2732 2790 2786 lAd
2826 2747 3142 2802 quemnam
3175 2735 3306 2802 post
3327 2731 3573 2786 fratrum
3606 2733 3833 2790 obitum

2189 2826 2441 2898 pertinet
2471 2820 2807 2876 haereditas?
2831 2836 3170 2891 quanquam
3195 2820 3598 2875 abominandae
3621 2821 3834 2878 Christi

2187 2916 2445 2971 hostium
2475 2913 2759 2966 haereseos
2789 2926 2989 2974 causa,
3023 2925 3127 2963 nec
3157 2908 3295 2979 quid
3323 2910 3478 2979 juris
3520 2910 3598 2965 sit
3627 2912 3784 2967 novit
3818 2931 3831 2981 ;

2187 3003 2303 3058 imo
2334 3019 2466 3056 vero
2499 3017 2626 3055 sese
2653 3016 2789 3070 erga
2823 2998 3029 3052 fratres
3059 3014 3198 3052 suos
3259 2997 3552 3068 ingratum
3596 3001 3829 3070 praebet.

2184 3095 2361 3161 Cujus
2394 3093 2530 3146 item
2564 3091 2847 3143 haereseos
2880 3088 3165 3159 gratia,ne
3206 3087 3388 3158 patris
3439 3088 3674 3159 quidem
3708 3107 3829 3146 ses-

2182 3181 2426 3238 tentiam
2460 3180 2745 3248 integram
2779 3192 3009 3231 servare
3039 3177 3096 3229 in
3127 3176 3389 3230 animum
3415 3177 3647 3232 induxit
3679 3196 3690 3230 :
3726 3181 3826 3234 sed

2185 3275 2471 3343 quantum
2505 3267 2790 3322 haereticis
2822 3266 2980 3332 libet,
3015 3281 3140 3320 sese
3171 3281 3403 3321 servare
3434 3265 3679 3323 simulat
3713 3269 3825 3336 ;siu

421 3354 766 3427 ὑποκρίνεται
801 3372 812 3384 ·
850 3353 924 3415 εἷς
959 3351 1015 3408 δὲ
1044 3355 1104 3408 τὸ
1137 3351 1339 3407 λυποῦν
1367 3352 1625 3422 ἐκείνους,
1656 3353 1754 3408 οὐκ
1783 3353 1922 3408 οἶδεν
1949 3354 2068 3410 οὐδὲ

2186 3335 2494 3431 displiceat
2521 3357 2664 3420 illis,
2696 3355 2952 3410 debitam
2987 3355 3131 3426 patri
3153 3371 3257 3410 suo
3289 3355 3671 3411 reverentiam
3707 3335 3827 3414 ser-

416 3445 479 3498 τὸ
510 3443 648 3518 πρὸς
695 3443 785 3496 τὸν
835 3444 1041 3517 πατέρα
1091 3437 1250 3504 σέϐας
1302 3441 1551 3520 φυλάξαι.
1605 3441 1918 3498 Ἀπέστειλε
1974 3445 2066 3517 μὲν

417 3533 521 3608 γὰρ
572 3531 772 3592 ἐκεῖνος
829 3532 921 3584 τὸν
976 3531 1268 3585 ἐπίσκοπον
1338 3530 1396 3584 ἐκ
1459 3527 1727 3600 διαϐολῆς
1777 3536 1884 3586 τῶν
1945 3533 2068 3606 περὶ

416 3615 675 3678 Εὗσέϐιον
724 3620 800 3682 εἶς
865 3621 961 3682 τὰς
1007 3619 1246 3682 Γαλλίας
1296 3620 1384 3674 ἐπὶ
1441 3624 1625 3694 καιρὸν
1679 3619 1767 3676 διὰ
1811 3623 1912 3690 τὴν
1959 3627 2065 3678 τῶν

417 3706 882 3767 ἐπιϐουλευόντων
939 3709 1202 3782 ὠμότητα
1270 3712 1452 3784 (τοῦτο
1511 3711 1615 3785 γὰρ
1673 3712 1699 3764 ὁ
1763 3712 2069 3786 μακαρίτης

415 3805 817 3862 Κωνσταντῖνος
875 3800 904 3853 ὁ
957 3798 1152 3854 τούτου
1211 3797 1444 3877 ἀδελφὸς
1504 3801 1636 3872 μετά
1693 3802 1912 3854 θάνατον
1971 3806 2068 3855 τοῦ

414 3891 618 3966 πατρὸς
651 3887 949 3960 ἐδήλωσεν,
985 3889 1058 3950 ὡς
1108 3887 1166 3942 ἐκ
1212 3891 1319 3942 τῶν
1374 3890 1714 3963 γραμμάτων
1761 3892 1869 3963 (89)
1904 3889 2066 3944 αὐτοῦ

415 3977 706 4051 δείκνυται)
768 3998 780 4010 ·
845 3977 943 4032 οὐκ
1002 3976 1220 4046 ἐπείσθη
1291 3975 1348 4031 δὲ
1423 3984 1540 4039 τοῖς
1607 3979 1731 4054 περὶ
1807 3975 2063 4034 Εὖσέϐιον

414 4070 754 4136 ἀποστεῖλαι,
805 4067 861 4121 ὃν
916 4064 1121 4135 ἤθελον
1172 4065 1465 4122 ἐπίσκοπον
1525 4067 1711 4138 αὐτοὶ,
1774 4065 1919 4122 ἀλλὰ
1976 4069 2065 4123 καὶ

413 4155 672 4218 θέλοντας
729 4153 990 4226 ἐκώλυσε,
1042 4156 1132 4210 καὶ
1183 4154 1639 4232 ἐπιχὲιρήσαντας
1689 4157 1883 4234 ἐπέσχε
1936 4159 2068 4230 μετά

415 4245 597 4316 δεινῆς
625 4243 825 4314 ἀπειλῆ
837 4266 879 4306 ς.

560 4377 571 4389 .
608 4339 734 4396 Πῶς
783 4335 897 4403 οὖν,
959 4332 1005 4386 εἰ
1058 4335 1124 4388 τὰ
1181 4339 1276 4388 τοῦ
1334 4336 1525 4390 ἑαυτοῦ
1584 4339 1932 4410 γεννητορος,
1992 4337 2067 4399 ὡς

413 4427 628 4503 γράφει,
663 4420 949 4500 φυλάττειν
997 4420 1215 4492 ἤθελεν,
1267 4422 1550 4478 ἀπέστειλε
1596 4427 1658 4479 τὸ
1711 4427 1803 4499 μὲν
1851 4431 2065 4502 πρῶτον

413 4514 742 4590 Γρηγόριον,
791 4512 881 4566 καὶ
935 4515 1025 4565 νῦν
1078 4508 1135 4566 δὲ.
1183 4513 1272 4566 τὸν
1324 4515 1692 4591 ταμειοφάγον
1747 4517 2064 4591 Γεώργιον;

411 4605 448 4674 ἢ
643 4599 731 4656 διὰ
776 4601 829 4654 τί
878 4600 1006 4662 τοὺς
1050 4600 1391 4677 Ἀρειανοὺς,
1448 4603 1541 4665 οὓς
1598 4603 1800 4666 ἐκεῖνος
1850 4611 2065 4684 Πορφυ-

2179 3464 2312 3503 vare
2346 3447 2550 3502 nescit.
2585 3445 2686 3499 Ille
2719 3443 3011 3514 siquidem
3058 3443 3288 3498 Eusebii
3319 3448 3376 3498 et
3406 3444 3699 3501 sociorum
3731 3464 3827 3502 ca-

2180 3535 2406 3592 lumnia
2434 3536 2732 3590 inductus.
2767 3534 3104 3604 episcopum
3130 3533 3466 3587 amandavit
3495 3533 3556 3588 in
3588 3535 3824 3603 Gallias,

2181 3628 2251 3682 ad
2276 3632 2511 3696 tempus
2542 3623 2855 3688 scilicet;ac
2879 3626 2942 3676 ut
2960 3621 3372 3676 insidiatorum
3397 3622 3825 3680 immanitatem

2181 3716 2432 3771 devitare
2457 3713 2535 3785 (id
2562 3712 2717 3768 enim
2739 3714 2868 3782 post
2889 3711 3070 3782 patris
3092 3711 3315 3765 obitum
3339 3710 3658 3768 declaravit
3690 3715 3825 3769 bea-

2178 3810 2248 3859 tae
2277 3804 2365 3858 vir
2393 3802 2689 3857 memoriae
2719 3799 3136 3855 Constantinus
3192 3799 3372 3868 hujus
3404 3801 3599 3873 frater,
3661 3807 3725 3857 ut
3765 3803 3824 3858 in

2178 3895 2304 3966 ejus
2332 3891 2580 3964 epistola
2611 3906 2844 3945 cernere
2875 3888 2985 3959 est)
3023 3907 3035 3944 :
3069 3893 3126 3943 at
3183 3905 3557 3961 nequaquam
3614 3890 3825 3947 iisdem

2178 3981 2522 4037 Eusebianis
2556 3995 2773 4034 morem
2790 3978 3187 4050 gessit,neque
3210 3978 3371 4033 misit
3399 3995 3574 4050 quem
3595 3979 3679 4034 illi
3703 3981 3824 4053 epi-

2178 4088 2420 4143 scopum
2456 4087 2520 4124 eo
2553 4069 2781 4123 mittere
2837 4068 3223 4139 peroptabant
3254 4084 3266 4135 ;
3303 4068 3418 4123 imo
3477 4068 3536 4122 id
3568 4069 3828 4125 volentes

2177 4161 2452 4216 coercuit.
2488 4164 2661 4231 atque
2693 4174 2815 4214 rem
2849 4174 3178 4230 aggressos,
3211 4157 3457 4229 gavibus
3514 4158 3694 4214 minis
3725 4159 3825 4215 de-

2175 4250 2404 4320 terruit,

2246 4341 2334 4394 61.
2371 4343 2484 4392 Cur
2514 4337 2711 4407 itaque
2741 4335 2790 4390 si
2823 4336 3009 4406 patris
3041 4337 3153 4401 sui,
3197 4336 3278 4390 uti
3341 4335 3561 4402 scribit,
3611 4336 3825 4408 placita

2177 4444 2406 4483 servare
2437 4425 2643 4491 voluit,
2677 4424 2864 4496 primo
2896 4424 3389 4496 Gregorium,jam
3423 4441 3556 4479 vero
3585 4425 3826 4496 depecu—

2177 4519 2421 4572 latorem
2456 4513 2768 4586 Georgium
2830 4513 2994 4568 misit
3025 4517 3046 4567 Ρ
3075 4517 3174 4568 aut
3213 4529 3319 4567 cur
3374 4514 3643 4584 Arianos,
3679 4531 3826 4586 quos

2180 4605 2610 4678 Porphyrianos
2642 4603 2739 4658 ille
2774 4602 3153 4674 nuncupavit,
3188 4602 3284 4656 hic
3315 4603 3515 4657 studet
3547 4603 3603 4658 in
3635 4604 3826 4660 Eccle-

412 4691 630 4763 ριανοὺς
664 4690 934 4764 ὠνόμασε,
984 4689 1211 4752 τούτους
1264 4692 1422 4754 οὗτος
1471 4692 1545 4754 εἰς
1585 4695 1683 4762 τὴν
1735 4692 2060 4765 Ἐκκλησίαν

2184 4695 2319 4751 aiam
2354 4694 2740 4757 introducere,
2776 4709 2841 4746 ac
2873 4692 3014 4746 dum
3076 4690 3474 4762 patrocinatur
3503 4690 3642 4760 illis,
3677 4691 3824 4747 alios

412 4783 718 4857 εἰσαγαγεῖν
774 4777 1110 4848 σπουδάζει,
1176 4780 1263 4834 καὶ

412 4870 618 4932 ἄλλους
651 4869 918 4944 ἐξορίζει;
954 4869 1016 4922 Εἰ
1066 4866 1123 4922 δὲ
1174 4869 1262 4923 καὶ
1315 4870 1546 4944 ἑώρακεν
1599 4873 1812 4946 Ἄρειον
1873 4873 1900 4925 ὁ
1959 4894 2061 4927 πα-

408 4964 512 5036 τὴρ
568 4959 770 5028 αὐτοῦ’
833 4955 956 5012 ἀλλ’
1017 4957 1346 5032 ἐπιορκήσας
1403 4962 1618 5034 ’Ἄρειος
1675 4961 1764 5013 καὶ
1828 4960 2060 5036 ῥαγεξς,

411 5048 570 5106 ἔλυσε
624 5049 723 5117 τήν
774 5051 869 5100 τοῦ
918 5047 1121 5122 πατρὸς
1174 5046 1582 5125 φιλανθρωπίαν
1618 5069 1629 5080 ·
1681 5050 1769 5102 καὶ
1820 5052 1922 5125 γὰρ
1972 5052 2060 5105 καὶ

411 5140 595 5208 αὐτὸς,
658 5137 862 5210 μαθὼν,
914 5136 990 5198 ὡς
1039 5137 1310 5212 αἱρετικοῦ
1368 5140 1481 5211 (91)
1538 5139 1781 5213 κατέγνω
1843 5137 2055 5196 λοιπόν.

410 5234 538 5291 Πῶς
582 5225 641 5282 δὲ
679 5226 791 5299 καὶ,
841 5227 1313 5302 προφασιζόμενος
1363 5228 1663 5305 φροντίζειν
1712 5233 1808 5282 τοῦ
1859 5228 2058 5299 ἐκκλη-

1332 4780 1540 4835 τούτων
1616 4784 2014 4858 προϊστάμενος
2047 4832 2061 4854 ,

482 5376 539 5443 (8
580 5373 598 5443 )
626 5372 712 5427 Ita
739 5371 897 5443 Beg,
931 5370 1081 5425 Editi
1117 5388 1270 5443 vero,
1306 5368 1364 5424 ἄν
1398 5365 1473 5443 ἔτι
1509 5369 1614 5441 εἶή.

505 5376 539 5429 8
626 5373 712 5427 Ita
739 5373 897 5440 Reg,
931 5373 1081 5425 Editi
1117 5388 1270 5436 vero,
1306 5373 1364 5424 ἄν
1398 5373 1473 5424 ἔτι
1509 5373 1614 5441 εἶή.

504 5373 598 5514 87)
627 5445 711 5498 Ita
743 5441 991 5514 Bngiet
1024 5442 1198 5498 Basil.
1233 5444 1405 5514 Editi,
1436 5441 1618 5511 ἓθηκε.

504 5447 594 5514 87)
627 5447 711 5498 Ita
743 5447 908 5511 Reg.,
935 5447 991 5497 et
1025 5447 1198 5498 Basil.
1233 5447 1405 5510 Editi,
1436 5447 1618 5511 ἓθηκε.

481 5447 594 5594 (88)
631 5517 712 5570 Ita
744 5513 899 5594 Reg...
921 5513 982 5594 In
1017 5515 1214 5594 editis.
1250 5513 1451 5591 α’ίρεσιν
1513 5517 1694 5572 deest.
1729 5516 1856 5571 Mox
1892 5517 2055 5589 Reg,

409 5583 682 5656 ἐνενόησεν
721 5600 734 5651 ;
765 5583 924 5656 editi,
961 5583 1198 5652 ἐνόησεν.

406 5734 445 5789 Α
477 5655 589 5744 (89)
615 5659 728 5714 Eas
759 5655 983 5714 litteras
1014 5657 1144 5713 vide
1169 5659 1278 5714 sub
1310 5659 1487 5713 ﬁnem
1546 5659 1819 5731 Apologia;
1867 5668 2058 5716 contra

455 5748 666 5788 nanos.

455 5748 644 5788 ruma:
653 5771 666 5784 .

478 5805 591 5876 (90)
625 5805 714 5864 Ita
743 5806 886 5879 Reg.
917 5807 975 5864 et
999 5803 1135 5862 edit.
1169 5803 1394 5861 Comm.
1428 5800 1493 5856 In
1526 5802 1667 5858 edit.
1702 5818 1835 5858 vero
1868 5803 2053 5860 Paris.

2174 4784 2343 4856 pellit
2368 4785 2425 4838 in
2459 4781 2727 4837 exsilium
2759 4779 2786 4832 ".7
2817 4779 2961 4832 Nam
2995 4778 3225 4833 etiamsi
3264 4778 3468 4834 Arium
3501 4784 3664 4850 pater
3695 4781 3822 4850 ejus

2175 4875 2246 4929 ad
2281 4877 2660 4943 conspectum
2689 4867 2991 4924 admiserit
3024 4884 3219 4937 suum,
3248 4870 3308 4921 at
3339 4868 3437 4922 ubi
3470 4873 3601 4939 post
3631 4871 3821 4940 perju-

2172 4963 2325 5018 rium
2359 4961 2530 5015 Arius
2561 4960 2864 5028 disruptus
2893 4959 3001 5019 est,
3034 4955 3216 5026 patris
3247 4957 3376 5026 ejus
3416 4956 3617 5012 amisit
3646 4958 3817 5014 bene-

2168 5051 2484 5107 volentiam
2521 5065 2533 5102 :
2568 5049 2782 5103 etenim
2816 5063 2874 5100 re
2918 5049 3214 5116 comperta
3272 5045 3368 5100 ille
3416 5046 3617 5100 Arium
3651 5047 3817 5102 dein-

2169 5158 2308 5212 ceps
2339 5145 2403 5194 ut
2424 5138 2761 5193 haereticum
2795 5135 3140 5206 reprobavit.
3175 5135 3530 5204 Quare,dum
3554 5152 3614 5190 se
3633 5137 3820 5192 simu-

2170 5230 2251 5285 lat
2283 5227 2743 5285 ecolesiasticum
2777 5241 2980 5280 curare
3012 5241 3315 5291 canonem,
3375 5224 3574 5280 omnia
3616 5230 3821 5281 contra

2169 5374 2349 5428 deest.
2387 5373 2449 5426 In
2481 5369 2730 5496 epistola
2762 5367 3126 5424 Constantini
3159 5369 3228 5422 ad
3261 5366 3564 5439 episcopos
3596 5371 3652 5422 et
3708 5384 3817 5449 po-

2170 5444 2340 5496 nulos
2369 5461 2497 5496 uua)
2565 5443 2770 5496 abetur
2800 5442 2953 5496 apud
3014 5441 3256 5496 Socrat..
3301 5455 3355 5496 ι).
3391 5439 3479 5496 32.
3508 5439 3677 5496 jubet
3706 5455 3814 5494 1m-

2170 5444 2340 5517 pulos
2369 5461 2497 5514 qua:
2521 5439 2770 5517 habetur
2800 5442 2954 5517 apud
3014 5441 3256 5517 S_ocr_at.,
3301 5455 3355 5509 p.
3391 5439 3479 5517 3‘2,
3507 5439 3677 5510 jubet
3706 5439 3814 5517 im-

2169 5510 2401 5588 perator
2431 5519 2496 5588 ut
2527 5512 2728 5588 Ariani
2783 5510 3165 5588 Porphyriani
3226 5514 3523 5588 vocentur,
3551 5510 3816 5588 homine

2165 5580 2473 5670 Porphyrii
2509 5583 2863 5656 philosophi,
2898 5580 3237 5638 Christianae
3299 5580 3568 5653 religioni
3623 5582 3810 5638 infen-

2168 5675 2408 5715 Slssum.

2238 5731 2350 5800 (91)
2384 5729 2554 5798 Reg,
2588 5725 2662 5785 ώς
2693 5723 3023 5795 αἱρετίκοός.
