4132 6390
321 437 441 505 758
856 440 924 508 Β.
966 440 1399 513 ATHANASII
1442 440 1614 507 OPP.
1659 436 1861 504 PARS
1902 435 1955 501 Ῑ.
1986 467 2066 484 -
2095 430 2519 499 HISTORIGA
2560 430 2662 498 ET
2702 430 3188 500 DOGMATIGA.
3606 430 3734 501 756

327 593 614 635 canonem
644 593 815 651 agere
845 576 1085 636 molitus
1114 578 1231 635 est?
1259 578 1398 635 Cuis
1416 594 1604 634 canon
1630 572 1891 649 praecipit
1907 576 1960 629 ut

2082 572 2356 622 σιαστικοῦ
2411 564 2636 630 κανόνος
2679 611 2692 638 ,
2750 568 2923 623 πάντα
3000 568 3149 645 παρὰ
3218 568 3409 625 τοῦτον
3471 564 3730 639 ἐπενόησε

324 685 356 724 e
383 666 602 740 palatio
636 668 905 725 mittatur
931 668 1272 740 episcopus?
1284 669 1425 733 Quis
1456 684 1639 724 canon
1664 666 1835 737 jubet
1855 663 1960 720 mi-

2079 657 2369 733 πράττειν;
2404 661 2568 718 Ποῖος
2600 657 2704 731 γὰρ
2733 657 2909 711 κανὼν
2961 659 3075 732 (92)
3124 657 3228 712 ἀπὸ
3272 655 3547 713 παλατίου
3584 659 3729 733 πέμ-

321 757 454 814 lites
485 757 759 815 invadere
787 757 1062 814 ecclesias
1092 758 1120 813 ⁸1
1146 758 1284 824 Quis
1314 757 1555 813 tradidit
1612 755 1854 811 comites
1878 754 1960 809 in-

2079 748 2264 801 πεσθαι
2315 746 2405 800 τὸν
2457 743 2749 800 ἐπίσκοπον
2791 764 2806 815 ;
2852 747 2919 803 Ἠ
2963 751 3125 809 ποῖος
3169 747 3348 803 κανὼν
3394 749 3730 823 στρατιώτας

320 846 842 919 consideratosque
863 849 1156 920 spadones
1175 845 1587 904 ecclesiasticis
1610 860 1859 917 praeesse
1884 858 1960 898 re-

2079 829 2369 890 ἐπιϐαίνειν
2422 832 2737 906 ἐκκλησίαις
2799 854 2812 904 ;
2867 840 2933 889 Ἠ
2986 836 3070 898 τίς
3138 833 3492 911 παραδέδωκε
3547 837 3729 912 κόμη-

320 935 565 1004 bus,aut
593 936 1021 1007 edictojudicia
1041 954 1239 994 eorum
1273 936 1375 1009 qui
1403 934 1659 1008 episcopi
1689 937 1960 989 vocantur

2079 946 2167 987 τας
2217 928 2328 997 (93)
2386 925 2476 979 καὶ
2524 924 2649 986 τοὸς
2700 921 3028 999 ἀλογίστους
3078 923 3380 989 σπάδοντας
3433 928 3726 1004 κατάρχειν

326 1025 729 1098 promulgare?
761 1025 933 1082 Nullo
956 1027 1261 1083 mendacio
1285 1043 1399 1082 non
1436 1025 1620 1081 utitur
1649 1022 1746 1078 ille
1770 1022 1960 1095 impiae

2079 1019 2180 1069 τῶν
2234 1012 2721 1084 ἐκκλησιαστικῶν,
2767 1014 2857 1068 καὶ
2910 1011 3237 1090 διατάγματι
3283 1017 3383 1085 την
3412 1015 3589 1093 κρίσιν
3617 1020 3724 1072 τῶν

319 1115 559 1171 haeresis
590 1132 768 1170 causa
801 1132 813 1170 :
846 1133 981 1170 nam
1012 1120 1068 1171 et
1097 1121 1223 1171 tum
1257 1120 1465 1188 praeter
1513 1115 1696 1187 patris
1727 1118 1960 1170 senten-

2079 1100 2392 1178 λεγομὲνων
2446 1102 2754 1158 ἐπισκόπων
2811 1100 3111 1173 δηλοῢσθαι
3166 1106 3397 1173 ;Πάντα
3465 1103 3723 1180 ψεύδεται

314 1204 459 1260 tiam
492 1203 854 1277 Philagrium
887 1206 1142 1261 secundo
1173 1205 1337 1261 misit
1389 1205 1727 1276 praefectum
1758 1212 1816 1259 et
1837 1204 1960 1273 jam

2079 1189 2162 1246 διὰ
2192 1195 2290 1262 τὴν
2325 1190 2538 1247 ἀνόσιον
2572 1194 2684 1266 (94)
2734 1190 2934 1266 αἳρεσιν
2971 1211 2983 1223 ·
3017 1194 3107 1248 καὶ
3156 1194 3263 1269 γὰρ
3303 1196 3451 1271 παρά
3494 1197 3723 1270 γνώμην

315 1292 439 1348 haec
470 1293 727 1349 facinora
756 1298 921 1363 gesta
961 1298 1118 1350 sunt.
1178 1296 1377 1366 Neque
1405 1310 1541 1349 vera
1566 1297 1704 1349 sunt
1734 1309 1859 1365 qua:
1893 1292 1960 1348 de

2079 1286 2166 1336 τοῦ
2195 1282 2398 1358 πατρὸς
2431 1282 2522 1337 καὶ
2550 1282 2672 1336 τότε
2720 1280 3024 1357 Φιλάγριον
3074 1283 3138 1336 τὸ
3186 1280 3434 1357 δεύτερον
3485 1279 3724 1358 ἔπεμψεν

314 1380 492 1436 fratre
522 1380 782 1453 loquitur
814 1399 826 1435 :
862 1381 1157 1455 siquidem
1190 1386 1322 1453 post
1348 1382 1545 1437 fratris
1567 1381 1814 1446 obitum,
1847 1396 1960 1435 non

2079 1368 2334 1447 ἔπαρχον,
2384 1370 2475 1426 καὶ
2522 1370 2590 1426 τὰ
2635 1375 2724 1425 νῦν
2773 1370 3040 1445 γενόμενα
3086 1371 3301 1452 γέγονε.
3355 1370 3454 1427 Καὶ
3515 1370 3605 1427 διὰ
3630 1373 3723 1429 τὸν

315 1470 497 1527 semel
528 1486 717 1542 neque
748 1471 1033 1538 secundo,
1066 1471 1168 1527 sed
1199 1474 1286 1527 ter
1315 1470 1538 1527 litteras
1570 1471 1733 1526 misit
1753 1470 1822 1524 ad
1840 1469 1960 1541 epi-

2079 1458 2302 1538 ἀδελφὸν
2364 1457 2421 1514 δὲ
2478 1459 2576 1514 οὐκ
2633 1458 2885 1530 ἀληθεύει
2922 1478 2934 1491 ³
2979 1460 3069 1515 καὶ
3128 1460 3232 1534 γάρ
3289 1459 3380 1515 καὶ
3442 1461 3576 1533 μετὰ
3631 1462 3722 1517 τὸν

314 1560 881 1631 scopum,ﬁdemque
893 1559 1055 1615 dedit
1070 1576 1133 1615 se
1147 1576 1449 1631 nunquam
1464 1559 1817 1617 sententiam
1831 1575 1961 1615 mu-

310 1652 577 1706 taturum
612 1648 954 1721 :jussitque
985 1652 1049 1704 ut
1078 1649 1398 1705 conﬁderet
1454 1644 1516 1706 se
1573 1667 1607 1705 a
1662 1648 1821 1704 nullo
1851 1666 1960 1703 un-

313 1754 493 1811 quam
520 1738 992 1794 conturbandum
1041 1738 1162 1794 fore
1192 1756 1204 1806 ;
1240 1739 1339 1794 sed
1373 1755 1506 1794 cum
1559 1754 1774 1811 magna
1801 1742 1959 1793 tran-

314 1826 605 1900 quillitate
632 1827 692 1882 in
719 1826 973 1884 Ecclesia
994 1844 1365 1884 mansurum:
1390 1827 1708 1900 missisque
1731 1827 1960 1883 Asterie

2071 1546 2279 1603 ἐκείνου
2327 1549 2551 1605 θάνατον
2603 1548 2704 1625 οὐχ
2752 1548 2915 1619 ἅπαξ,
2962 1546 3087 1604 οὐδὲ
3127 1546 3396 1625 δεύτερον,
3445 1547 3591 1605 ἀλλὰ
3634 1551 3726 1606 καὶ

2068 1637 2251 1714 τρίτον
2286 1635 2489 1713 ἔγραψε
2516 1642 2596 1710 τῷ
2640 1636 2920 1711 ἐπισκόπῳ
2956 1658 2968 1671 ·
3002 1637 3092 1692 καὶ
3141 1635 3306 1692 πάλιν
3354 1636 3726 1714 ἐπηγγείλπο

2074 1728 2149 1800 μὴ
2213 1722 2648 1800 μετάϐάλλεσθαι
2680 1746 2692 1758 ·
2729 1724 2874 1782 ἀλλὰ
2945 1726 3036 1781 καὶ
3112 1725 3327 1803 θαῤῥεῖν
3396 1727 3725 1802 παρεκελεύ-

2070 1837 2220 1890 σατο,
2281 1815 2419 1872 ὥστε
2477 1817 2588 1890 (95)
2636 1817 2783 1893 παρὰ
2834 1813 3069 1890 μηδενὸς
3125 1816 3284 1872 αὐτὸν
3351 1818 3727 1892 ταράττεσθαι,

314 1916 527 1973 comite
557 1920 613 1972 et
637 1915 893 1973 Palladio
925 1916 1173 1987 notario,
1198 1917 1381 1988 jussit
1429 1917 1790 1973 Felicissimo
1820 1921 1960 1973 tunc

2079 1902 2217 1960 ἄλλὰ
2240 1906 2331 1960 καὶ
2367 1905 2544 1979 μένειν
2604 1904 2655 1960 ἐν
2706 1909 2775 1979 τῇ
2826 1903 3128 1977 Ἐκκλησία
3179 1906 3316 1979 μετὰ
3361 1907 3542 1977 πάσης
3592 1908 3727 1981 ἀμε-

310 2004 595 2078 temporis
623 2004 780 2072 duci,
812 2010 869 2061 et
897 2006 1162 2062 Nestorio
1193 2007 1463 2078 praefecto
1500 2024 1513 2075 ;
1548 2009 1612 2061 ut
1644 2006 1763 2062 sive
1818 2005 1959 2060 Phi-

308 2093 511 2167 lippus
540 2095 867 2167 przefectus,
901 2094 1020 2151 sive
1041 2094 1194 2151 alius
1224 2096 1519 2168 quispiam
1569 2112 1751 2152 ausus
1807 2099 1961 2151 esset

309 2182 632 2240 Athanasio
661 2182 950 2251 insidiari,
979 2188 1242 2241 arcerent
1261 2184 1395 2257 ipsi.

378 2451 851 2524 52.0uapropter
867 2468 1003 2507 cum
1029 2451 1264 2533 advenit
1292 2450 1573 2524 Diogenes
1594 2449 1959 2522 insidiasque

308 2540 545 2613 paravit
558 2539 1005 2611 Syrianus,tunc
1025 2539 1258 2606 ille,nos
1282 2539 1420 2596 item
1443 2544 1618 2612 atque
1639 2539 1837 2612 populi
1857 2538 1955 2595 lit-

306 2632 464 2686 teras
495 2629 942 2702 postulabamus
973 2629 1791 2702 imperatoris,rati,quoniam
1814 2630 1959 2686 scri-

306 2723 476 2791 ptum
511 2722 621 2782 est.
653 2719 880 2775 Nullum
906 2718 1261 2775 mendacium
1291 2719 1440 2790 apud
1467 2736 1652 2788 regem
1672 2735 1762 2775 ore
1776 2720 1957 2791 profe-

308 2807 580 2877 ratur,sic
599 2823 789 2879 neque
811 2807 1225 2881 imperatorem
1248 2809 1351 2881 qui
1377 2808 1552 2864 fidem
1584 2808 1809 2864 dederit
1828 2824 1957 2863 eam

305 2897 664 2952 violaturum
682 2897 1427 2968 unquam,autsententiam
1446 2902 1814 2953 mutaturum
1829 2913 1959 2954 esse

306 2989 421 3042 Cur
435 2987 584 3042 297
603 2985 879 3058 itaque,si
902 2986 1100 3042 fratris
1120 2990 1351 3042 tantum
1372 2987 1561 3060 gratia
1576 3004 1683 3044 nos
1705 2986 1959 3059 remigra

306 3091 369 3131 re
398 3074 708 3140 concessit,
741 3079 873 3148 post
902 3076 1031 3148 ejus
1062 3075 1289 3132 obitum
1321 3075 1545 3132 litteras
1577 3075 1767 3133 misit?
1794 3076 1956 3142 Quod

306 3163 357 3221 si
387 3164 529 3220 ilius
561 3164 855 3220 memorie
888 3164 1080 3238 gratia
1100 3182 1168 3221 ea
1197 3165 1501 3238 scripserit
1535 3184 1547 3233 ;
1579 3182 1685 3221 cur
1713 3167 1957 3221 tandem

307 3258 509 3328 postea
538 3269 667 3311 sese
689 3254 853 3310 fratri
875 3254 1175 3327 ingratum
1207 3254 1500 3328 praestitit,
1530 3256 1630 3312 ubi
1655 3255 1954 3311 hominem

310 3346 652 3416 persecutus
680 3346 789 3414 est,
825 3360 891 3399 ac
922 3343 1064 3399 dum
1123 3343 1184 3399 in
1215 3342 1427 3400 litteris
1484 3344 1610 3400 suis
1658 3344 1954 3416 judicium
1985 3315 2029 3383 ο

309 3432 573 3490 obtendit
596 3431 1006 3505 episcoporum
1038 3433 1282 3489 arbitrio
1316 3433 1414 3490 ille
1460 3451 1569 3490 suo
1598 3450 1721 3490 rem
1754 3433 1961 3507 gerit?

308 3521 442 3578 licet
471 3521 715 3578 minime
744 3522 940 3593 lateat,
973 3523 1075 3578 sed
1107 3522 1167 3577 in
1226 3522 1492 3595 proximo
1547 3522 1669 3579 sint
1708 3522 1959 3579 vafritiei

308 3610 470 3667 illius
500 3614 850 3684 argumenta
882 3611 988 3666 PSi
1029 3628 1285 3684 namque
1342 3611 1487 3668 illud
1547 3613 1958 3686 episcoporum

309 3701 612 3757 decretum
643 3704 751 3771 est,
788 3700 928 3772 quid
964 3699 1108 3756 illud
1140 3701 1350 3757 attinet
1377 3702 1449 3757 ad
1493 3702 1901 3775 imperatorem
1939 3705 1962 3757 Ρ

309 3789 402 3846 sin
432 3788 819 3862 imperatoriae
851 3789 1023 3844 minae
1056 3793 1217 3861 sunt,
1261 3788 1402 3861 quid
1442 3807 1590 3863 opus
1619 3790 1959 3847 hominibus

307 3879 663 3951 nuncupatis
691 3877 982 3952 episcopis
1022 3882 1045 3935 Ρ
1103 3878 1489 3944 Quandonam
1546 3897 1580 3936 a
1626 3880 1838 3938 saeculo
1868 3898 1960 3939 res

307 3966 654 4039 hujusmodi
687 3966 888 4024 audita
917 3967 1420 4040 est?quandonam
1450 3968 1719 4026 Ecclesiae
1761 3971 1960 4028 decre-

301 4054 432 4116 tum
447 4055 521 4112 ab
542 4056 894 4129 imperatore
910 4058 1133 4128 accepit
1151 4057 1555 4114 auctoritatem
1578 4065 1680 4116 aut
1695 4076 1799 4131 pro
1829 4063 1961 4118 dec-

308 4149 433 4201 reto
463 4144 605 4203 illad
628 4144 898 4200 habitum
915 4145 1231 4203 est?Multae
1254 4146 1500 4204 antehac
1522 4149 1729 4222 synodi
1750 4155 1960 4207 coactas

307 4236 449 4290 sunt
483 4249 496 4289 :
529 4238 723 4290 mutta
754 4234 1020 4307 prodiere
1068 4235 1337 4292 Ecclesiae
1369 4238 1600 4294 decreta
1630 4256 1643 4307 ;
1677 4240 1779 4296 sed
1810 4257 1961 4297 nun-

307 4339 487 4396 quam
520 4327 722 4380 Patres
772 4339 867 4379 res
914 4323 1255 4396 hujusmodi
1314 4325 1652 4399 imperatori
1700 4345 1960 4402 suasere,

309 4429 615 4486 nunquam
648 4414 970 4486 imperator
1020 4414 1415 4472 ecclesiastica
1471 4418 1699 4475 curiose
1728 4419 1963 4491 perqui-

310 4500 464 4558 sivit.
497 4503 580 4558 Ex
610 4502 851 4559 Caesaris
897 4502 1238 4561 domesticis
1294 4505 1539 4578 quidam
1595 4506 1773 4562 Paulo
1826 4510 1964 4579 apo-

310 4589 457 4646 stolo
484 4589 658 4646 amici
710 4590 894 4657 fuere,
953 4607 1205 4663 quorum
1265 4592 1503 4649 nomine
1558 4592 1966 4666 Philippenses

310 4677 409 4734 ille
434 4678 494 4735 in
527 4678 781 4752 Episiola
814 4697 921 4736 sua
953 4679 1232 4736 salutavit
1284 4682 1330 4716 ⁰⁵
1360 4700 1373 4749 ;
1429 4683 1531 4737 sed
1590 4663 1960 4755 nequaquam

2079 4663 2299 4728 τούτους
2367 4664 2666 4730 κοινωνοὺς
2736 4664 3126 4744 παρελάμϐανε
3172 4715 3186 4729 .

304 4768 671 4841 judiciorum
704 4773 1004 4826 consortes
1038 4770 1303 4826 admisit.
1333 4770 1467 4827 Jam
1510 4772 1629 4837 fero
1662 4777 1969 4844 spectacu-

310 4856 434 4912 lum
468 4874 707 4930 novum,
742 4859 897 4931 quod
953 4858 1177 4915 Arianm
1230 4858 1468 4916 haeresis
1499 4859 1799 4917 inventum
1831 4865 1921 4918 est
1954 4879 1967 4917 :

385 4956 430 4991 ²⁶
453 4956 628 5013 Eccli.
660 4974 764 5026 v11,
796 4957 882 5024 13,
923 4957 1008 5011 14.
1043 4957 1089 4991 ²⁵
1119 4956 1372 5030 Philipp.
1408 4974 1484 5027 1v,
1513 4959 1605 5014 22.

389 5052 503 5125 (92)
536 5052 621 5133 Ιΐέι
649 5055 783 5133 Reg.
815 5058 872 5109 et
900 5053 1081 5133 Basil.
1113 5054 1265 5133 Editi
1310 5071 1455 5133 _vero
1505 5056 1616 5133 ’γὰρ
1666 5055 1785 5133 κᾶν.
1841 5074 1972 5133 per:

2071 1994 2290 2071 ριμνίας
2325 2012 2338 2025 ⁸
2367 1996 2457 2050 καὶ
2500 1993 2724 2057 ἐντολὰς
2763 1992 2821 2049 δὲ
2870 1992 2939 2050 δι’
2977 1994 3261 2070 Ἀστερίου
3312 1994 3562 2069 κόμητος

2066 2084 2157 2139 καὶ
2214 2081 2532 2139 Παλλαδίου
2591 2082 2843 2160 νοταρίου
2920 2082 3129 2160 ἔπεμψε
3187 2082 3584 2159 Φηλικισσίμῳ
3648 2091 3728 2160 τῷ

2065 2172 2191 2229 τότε
2222 2173 2395 2245 δουκὶ,
2442 2173 2534 2229 καὶ
2588 2173 2871 2249 Νεστορίῳ
2914 2179 2996 2247 τῷ
3045 2173 3294 2251 ἐπάρχῳ,
3340 2172 3436 2229 ἵνα
3486 2172 3594 2231 εἷ’τε
3621 2175 3724 2232 Φί-

2068 2260 2273 2326 λιππος
2306 2265 2335 2319 ὁ
2366 2260 2632 2340 ἔπαρχος,
2669 2260 2775 2318 εἴτε
2804 2284 2888 2326 τις
2942 2262 3114 2326 ἄλλος
3159 2258 3533 2321 ἐπιϐουλεύειν
3570 2266 3728 2321 Ἀθα-

2067 2351 2237 2425 νασίῳ
2265 2350 2566 2426 τολμήσοι,
2598 2356 2790 2407 τοῦτον
2825 2350 3027 2408 ἐκεῖνοι
3053 2352 3366 2408 κωλύωσιν.

2136 2444 2226 2499 52.
2261 2443 2360 2496 Διά
2382 2445 2545 2496 τοῦτο
2575 2442 2680 2516 γὰρ
2709 2440 2801 2496 καὶ
2834 2440 2923 2496 ὅτε
2973 2442 3237 2517 Διογένης
3285 2438 3443 2516 ἦλθε,
3494 2443 3585 2498 καὶ
3620 2450 3727 2499 Συ-

2068 2531 2250 2605 ριανὸς
2303 2529 2640 2607 ἐνήδρευσεν,
2703 2530 2863 2592 αὐτὸς
2917 2550 2977 2586 τε
3033 2533 3146 2604 (97)
3197 2531 3288 2586 καὶ
3346 2533 3534 2605 ἡμεῖς,
3577 2534 3728 2590 καὶὸ

2068 2617 2201 2682 λαὸς
2234 2621 2541 2694 ἀητοῦμεν
2576 2621 2878 2695 γράμματα
2904 2623 3001 2673 τοῦ
3036 2617 3328 2695 βασιλέως,
3382 2620 3725 2697 νομίζοντες,

2068 2706 2172 2780 δτι,
2231 2707 2412 2785 ὣσπερ
2461 2710 2811 2784 γέγραπται,
2868 2706 3050 2778 Μηδὲν
3110 2706 3307 2783 ψεῦδος
3367 2710 3472 2764 ἀπὸ
3522 2711 3726 2785 στόμα-

2066 2818 2160 2860 τος
2211 2794 2454 2873 λεγέσθω
2510 2795 2763 2873 βασιλεῖ,
2809 2796 2953 2852 οὕτω
2997 2797 3088 2853 καὶ
3142 2796 3419 2874 βασιλεὺς,
3470 2799 3726 2876 ἐπαγγει-

2069 2885 2326 2960 λάμενος,
2375 2882 2500 2941 οὕτε
2553 2884 2831 2961 ψεύσεται,
2879 2882 3003 2941 οὕτε
3050 2883 3545 2963 μεταϐληθήσεται,
3596 2894 3725 2953 Πῶς

2069 2974 2183 3046 οὖν,
2239 2975 2285 3030 εἰ
2340 2973 2430 3030 διὰ
2477 2976 2570 3031 τὸν
2625 2973 2856 3054 ἀδελφὸν
2912 2977 3314 3053 συνεχώρησεν,
3374 2974 3578 3054 ἔγραψε
3633 2979 3727 3035 καὶ

2072 3066 2203 3139 μετὰ
2233 3065 2456 3120 θάνατον
2515 3065 2681 3120 αὐτοῦ
2714 3084 2729 3135 ;
2762 3065 2828 3121 Εἰ
2861 3063 2919 3121 δὲ
2972 3065 3064 3121 καὶ
3092 3066 3216 3121 τότε
3246 3064 3335 3123 διὰ
3382 3069 3483 3137 τὴν
3517 3067 3727 3125 ἐκείνου

2072 3156 2297 3228 μνήμην
2333 3148 2558 3229 ἔγραψε,
2589 3151 2679 3208 διὰ
2705 3153 2759 3209 τί
2816 3155 2952 3229 μετὰ
2995 3159 3165 3237 ταῦτα
3202 3156 3264 3211 τὸ
3297 3154 3429 3212 ὅλον
3461 3158 3727 3234 ἠγνωμο-

2066 3264 2224 3313 νησεν
2276 3242 2459 3316 αὐτὸν,
2535 3240 2748 3299 διώκων
2817 3244 2908 3299 τὸν
2976 3242 3280 3321 ἄνθρωπον,
3349 3245 3441 3302 καὶ
3503 3252 3731 3304 τοιαῦτα

2067 3333 2313 3410 γράφων,
2367 3331 2418 3387 ἐν
2472 3333 2554 3395 οἷς
2597 3332 2990 3410 προφασίζεται
3042 3334 3136 3409 μὲν
3165 3335 3342 3409 κρίσιν
3393 3335 3726 3411 ἐπισκόπων,

2067 3423 2290 3498 πράττει
2342 3418 2401 3476 δὲ
2450 3420 2608 3484 αὐτὸς
2659 3421 2736 3484 ὡς
2785 3420 2843 3476 ἂν
2919 3422 3067 3496 αὐτῷ
3133 3420 3267 3499 δοκῇ
3337 3424 3398 3479 οὗ
3449 3423 3727 3483 λανθάνων

2069 3510 2245 3585 ὅμως,
2280 3508 2427 3565 ἀλλὰ
2454 3511 2547 3565 καὶ
2580 3509 2745 3586 ἐγγὺς
2775 3508 2919 3587 ἔχων
2951 3512 3041 3568 τὸν
3083 3509 3317 3590 ἔλεγχον
3358 3522 3462 3585 τῆς
3491 3536 3727 3593 πανουρ-

2069 3599 2234 3675 γίας;
2270 3600 2334 3655 Εἰ
2364 3600 2469 3674 γὰρ
2522 3598 2831 3656 ἐπισκόπων
2887 3600 2999 3657 ἐστὶ
3044 3603 3247 3677 κρίσις,
3293 3604 3347 3659 τί
3397 3606 3578 3660 κοινὸν
3611 3600 3727 3682 ἔχει
3789 3610 3794 3613 ’

2068 3689 2207 3767 πρὸς
2236 3688 2441 3759 ταύτην
2480 3687 2737 3765 βασιλεύς
2769 3709 2784 3760 ;
2819 3690 2866 3745 εἱ
2898 3688 2957 3746 δὶ
3007 3689 3277 3766 βασιλέως
3327 3693 3465 3749 ἐστὶν
3501 3693 3728 3765 ἀπειλὴ,

2066 3778 2152 3842 τίς
2209 3778 2435 3834 ἐνταῦθα
2480 3777 2643 3854 χρεία
2670 3783 2779 3835 τῶν
2828 3777 3145 3856 λεγομὲνων
3197 3781 3505 3839 ἐπισκόπων
3541 3803 3555 3854 ;
3589 3784 3731 3840 Πότε

2068 3869 2172 3944 γὰρ
2226 3867 2287 3923 ἐκ
2333 3871 2430 3923 τοῦ
2491 3868 2690 3930 αἰῶνος
2746 3868 2987 3941 ἠκούσθη
3047 3874 3318 3942 "condurat;
3359 3871 3493 3927 πότε
3548 3873 3729 3949 κρίσις

2066 3956 2396 4026 Ἐκκλησίας
2454 3957 2602 4033 παρά
2663 3955 2931 4032 βασιλέως
2982 3960 3098 4032 (98)
3150 3957 3280 4036 ἔσχε
3332 3961 3396 4016 τὸ
3445 3965 3631 4036 κῦρος,
3674 3963 3725 4031 ,ἢ

2070 4044 2217 4109 ὅλως
2251 4045 2493 4121 ἐγνώσθη
2525 4046 2587 4099 τὸ
2617 4050 2792 4123 κρῖμα
2822 4064 2837 4116 ;
2872 4045 3088 4102 Πολλαὶ
3121 4045 3341 4102 σύνοδοι
3380 4049 3488 4126 πρὸ
3528 4049 3729 4105 τούτου

2070 4134 2326 4212 γεγόνασι
2360 4152 2374 4165 ⁶
2405 4132 2597 4189 πολλὰ
2640 4135 2880 4212 κρίματα
2923 4142 3026 4207 τῆς
3076 4134 3406 4207 Ἐκκλησίας
3454 4140 3675 4215 γέγονεν
3710 4158 3725 4173 ·

2073 4222 2200 4279 ἀλλ’
2230 4220 2354 4277 οὔτε
2384 4226 2436 4277 οἱ
2478 4225 2714 4301 ῙΙατὲρες
2906 4220 3120 4281 ἔπεισάν
3169 4240 3309 4281 ποτε
3345 4228 3471 4304 περὶ
3515 4228 3728 4285 τούτων

2075 4306 2323 4386 βασιλέα,
2375 4305 2498 4364 οὔτε
2547 4308 2802 4386 βασιλεύς
2846 4312 2913 4367 τὰ
2963 4319 3067 4383 τῆς
3114 4311 3444 4385 Ἐκκλησίας
3488 4336 3733 4393 περιειρ-

2072 4400 2297 4475 γάσατο.
2331 4396 2549 4462 Παῦλος
2579 4398 2887 4464 ἀπόστολος
2916 4401 3033 4479 εἶχε
3071 4402 3269 4483 φίλους
3318 4403 3448 4468 τοὺς
3493 4412 3597 4476 τῆς
3632 4410 3736 4462 τοῦ

2073 4488 2342 4562 Καίσαρος
2404 4490 2480 4562 (1)
2529 4488 2705 4553 οἰκίας
2737 4536 2754 4563 ,
2812 4491 2902 4545 καὶ
2959 4493 3181 4571 γράφων
3258 4494 3533 4564 ἠσπάζετο
3602 4495 3740 4559 τοὺς

2082 4572 2498 4647 Φιλιππησίους
2553 4578 2658 4633 ἀπὸ
2721 4579 2927 4636 τούτων
2981 4603 2993 4617 ·
3046 4579 3171 4637 ἀλλ’
3221 4582 3322 4639 οὐκ
3369 4583 3448 4647 εἰς
3493 4585 3741 4660 κρίματα

3250 4676 3358 4727 Νῦν
3429 4670 3488 4728 δὲ
3559 4674 3740 4749 θέαμα

2078 4754 2284 4828 καινὸν,
2316 4756 2407 4811 καὶ
2454 4760 2615 4811 τοῦτο
2657 4763 2760 4827 τῆς
2809 4757 3097 4835 Ἀρειανῆς
3147 4761 3408 4837 αἱρέσεώς
3457 4761 3599 4818 ἐστιν
3646 4758 3738 4818 εὕ-

2083 4864 2237 4919 ρημα
2267 4865 2278 4877 ·
2327 4843 2595 4915 συνῆλθον
2643 4847 2748 4923 γὰρ
2803 4849 3065 4924 αἱρετικοὶ
3123 4849 3213 4905 καὶ
3271 4849 3526 4926 βασιλεὺς
3583 4858 3743 4911 Κωνη

2154 5060 2268 5133 (97)
2300 5058 2474 5135 ᾼύτόίς
2502 5063 2858 5135 rexquinam
2891 5065 2987 5121 hic
3028 5067 3101 5123 ab
3133 5067 3457 5125 Athanasio
3513 5084 3742 5126 memo-

317 5140 536 5208 oeram,
570 5125 751 5208 Paulo
784 5130 917 5197 post
944 5126 1109 5208 editiz
1137 5129 1393 5208 ᾚποῖιξ
1449 5125 1554 5203 γάρ
1588 5125 1810 5196 ’κανών,
1841 5125 1960 5185 ’8θό

2085 5125 2267 5208 retur;
2299 5133 2457 5208 haud
2492 5125 2659 5208 facile
2688 5141 2779 5192 est
2804 5138 3135 5208 conjectare
3168 5156 3181 5194 ε
3218 5138 3333 5195 nisi
3376 5142 3544 5208 forte,
3574 5138 3744 5202 αὐτός

312 5195 864 5272 Vnip‘expunximus,
897 5198 1051 5272 quod
1078 5196 1231 5253 desit
1260 5195 1487 5272 in_Reg.

390 5267 504 5355 ([953)
535 5269 717 5355 Regi
731 5284 991 5355 {copi-rae,
1006 5270 1089 5355 ge
1120 5285 1301 5324 more.
1334 5267 1465 5355 Mei
1496 5271 1634 5345 Reg.
1667 5275 1725 5327 et
1770 5267 1971 5337 Basil.,

320 5336 650 5401 σπάδονταςῖ
676 5336 827 5395 Editi
863 5336 1216 5407 σπεύδοντας,
1246 5340 1417 5396 male.

386 5411 505 5484 (94)
539 5412 624 5466 Ita
650 5412 790 5484 Reg.
817 5412 967 5484 Editi
1000 5429 1155 5482 vero,
1191 5410 1447 5479 ἀνόητον.

2082 5203 2162 5285 τε,
2197 5205 2477 5285 mendum
2510 5205 2723 5285 sit_pro
2752 5203 3095 5285 rdre,'quo<i_
3114 5227 3223 5285 vogt
3251 5208 3340 5264 ὅτε
3363 5203 3540 5283 paulo
3569 5230 3745 5285 supe-

2086 5276 2211 5331 rius
2242 5276 2433 5348 posita
2463 5276 2709 5359 suadere
2753 5276 3002 5337 videtur.
3064 5281 3242 5338 Paulo
3299 5276 3432 5354 post
3457 5286 3555 5337 τοῦ
3602 5276 3745 5341 ante

2091 5344 2361 5420 βασιλέως
2393 5348 2556 5404 deest
2584 5366 2643 5403 1n
2674 5350 2810 5420 Reg.

2128 5366 2361 5421 actast»:
2393 5366 2556 5421 deest
2584 5366 2643 5403 1n
2674 5366 2810 5421 Reg.

2160 5419 2275 5497 (98)
2306 5421 2395 5497 ita
2424 5419 2883 5497 Reg;cod.quem
2914 5423 3080 5496 sequi
3109 5422 3303 5481 visum
3334 5426 3741 5497 est,Editi,1ta-

386 5481 498 5553 (95)
528 5488 695 5564 ’ἕστε
720 5481 794 5555 μῖή
829 5483 967 5564 editi
1002 5484 1211 5564 εεάημῄ
1250 5484 1406 5554 quod
1465 5484 1618 5541 desit
1654 5486 1714 5541 in
1747 5487 1886 5561 Reg.
1921 5505 1960 5546 e‘

2089 5481 2278 5564 ράῖτοῧ
2314 5481 2611 5564 βασιλέως

319 5553 729 5621 ευρειεεΠιιιαῐ,
764 5553 1073 5609 omissum.
1108 5553 1236 5609 fuit.

2161 5560 2273 5632 (99)
2308 5560 2402 5617 Sic
2431 5566 2569 5643 Reg.
2597 5563 2746 5619 Editi
2774 5581 2929 5637 vero,
2961 5560 3338 5643 πρεσϐύτεροι,
3371 5570 3543 5642 cujus
3573 5585 3745 5628 men-

415 5624 509 5744 ῗβ)
541 5623 709 5748 Reg”
740 5624 974 5707 uouit-05
1007 5625 1154 5683 Ibid.
1195 5642 1327 5692 vox,
1373 5623 1645 5708 ⁵νοταρίου
1687 5629 1868 5711 .deest
1919 5630 1960 5686 iI

415 5738 418 5744 .
451 5709 522 5748 ιε.
557 5709 620 5748 se
690 5694 907 5748 legitur
934 5713 997 5748 1n
1025 5698 1166 5748 Rea.
1200 5697 1334 5748 Mox
1369 5698 1526 5748 idem
1558 5697 1960 5748 Η8Ω1119-Φιλιι

2087 5632 2146 5687 di
2167 5623 2419 5689 causam
2449 5623 2581 5690 vide
2611 5653 2809 5708 supra.

2159 5703 2239 5748 (1)
2268 5704 2439 5748 Erilli.
2474 5702 2602 5748 τοῦν
2658 5712 2759 5748 τίρ
2801 5728 2809 5742 ι

324 5692 522 5759 editis,
557 5709 620 5748 se

317 5759 580 5833 κισσίμω.

1576 5999 1609 6040 Γ

714 5695 907 5765 agitur
934 5696 997 5752 in
1025 5698 1166 5770 Reg.
1200 5697 1334 5753 Mox
1369 5695 1531 5753 idem
1558 5698 1793 5773 Regius,
1816 5697 1978 5755 Φιλι-

2090 5703 2239 5847 Βέὲ)
2267 5704 2443 5773 Editi,
2474 5702 2602 5768 τοὺς
2658 5702 2759 5776 τῖῖδς
2801 5712 2899 5763 τοῦ
2955 5711 3243 5785 Καισαρος’
3275 5709 3413 5774 Τούς
3459 5713 3625 5772 deest
3678 5715 3747 5773 in
