4132 6368
313 422 432 489 757

1254 424 1622 493 HISTORIA
1662 419 2138 489 ARIANORUM
2181 428 2285 490 AD
2329 426 2778 496 MONACHOS.

3609 433 3732 495 758

315 560 587 628 στάντιος,
631 552 723 616 ’ίνα
769 560 1036 631 κάκεῖνος,
1086 561 1185 630 τήν
1233 561 1536 616 ἐπισκόπων
1571 559 1713 636 ἔχων
1745 559 1953 636 πρόφα-

2085 562 2326 618 naeretici
2357 580 2490 620 cum
2515 566 2866 638 imperatore
2886 565 3226 624 Constantio
3248 583 3368 622 una
3386 583 3728 640 convenere,

317 671 421 722 σιν,
471 653 540 723 τῇ
593 648 805 722 ἐξουσίᾳ
851 653 966 706 καθ’
1016 652 1086 705 ὧν
1141 651 1198 706 ἂν
1256 650 1429 706 ἐθέλοι
1464 655 1562 724 (2),
1613 651 1840 726 πράττῃ,
1872 648 1961 703 καὶ

317 735 532 794 διώκων
572 741 645 810 μὴ
682 738 902 814 λέγοιτο
937 738 1174 810 διώκτης
1209 760 1220 772 °
1255 741 1343 795 xui
1377 741 1525 795 οὗτοι
1565 740 1640 811 δὲ,
1673 741 1770 808 τὴν
1810 741 1962 814 βασι-

316 825 458 890 λέως
521 826 743 904 ἔχοντες
798 827 1126 900 δυναστείαν,
1161 826 1581 885 ἐπιϐουλεύωσιν
1634 831 1716 890 οἷς
1758 828 1815 882 ἂν
1851 828 1962 882 ἐθέ-

316 914 454 971 λωσι
496 937 508 950 ·
561 916 780 972 θέλουσι
835 916 891 972 δὲ
947 925 1062 980 τοῖς
1127 921 1199 992 μή
1261 915 1564 988 ἀσεϐοῦσιν,
1629 920 1702 980 ὡς
1763 917 1913 972 αὐτοί
1949 960 1961 973 .

314 1010 482 1060 Τοῦτο
514 1004 572 1060 δέ
603 1007 676 1068 ὡς
732 1007 818 1060 ἐπὶ
867 1015 1074 1077 σκηνῆς
1132 1007 1192 1062 ἄν
1241 1030 1322 1070 τις
1375 1007 1480 1062 ἴδοι
1519 1005 1961 1081 κωμῳδούμενον

315 1103 440 1169 παρ’
481 1096 663 1158 αὐτοῖς
699 1119 710 1129 ·
741 1098 830 1151 καὶ
884 1096 1012 1159 τοὺς
1075 1098 1167 1170 μὲν
1228 1096 1580 1171 λεγομένους,
1639 1096 1964 1157 ἐπισκόπους

321 1185 782 1258 ὑποκρινομένους
816 1232 828 1256 ,
888 1187 978 1240 τὸν
1057 1184 1114 1241 δὲ
1192 1189 1556 1242 Κωνστάντιον
1626 1189 1693 1240 τὰ
1750 1185 1962 1240 ἐκείνων

321 1274 659 1350 ἐνεργοῦντα,
718 1276 808 1330 καὶ
866 1275 1028 1330 πάλιν
1092 1276 1568 1352 ἐπαγγελλόμενον
1621 1282 1836 1344 τοῦτον,
1891 1277 1966 1336 ὡς

319 1362 573 1439 Ἡρώδης
612 1371 712 1433 τῆς
763 1362 1096 1440 Ἡρωδιάδος
1133 1386 1145 1398 ·
1177 1365 1402 1428 τούτους
1453 1365 1509 1421 δὲ
1557 1364 1721 1420 πάλιν
1775 1365 1970 1440 ὀρχου-

324 1454 520 1526 μένους
548 1455 642 1516 τάς
686 1449 947 1516 διαϐολὰς
1003 1454 1089 1510 ἐπὶ
1143 1455 1411 1531 ἐξορισμῷ
1457 1455 1546 1511 καῖ
1595 1457 1807 1527 θανάτῳ
1858 1459 1964 1508 τῶν

321 1543 397 1605 εἷς
429 1544 518 1598 τὸν
553 1543 747 1620 Κύριον
784 1539 1166 1602 εὐσεϐούντων.

387 1723 480 1778 53.
513 1721 641 1776 Τίνα
685 1721 774 1776 οῦν
827 1722 925 1777 οὐκ
969 1717 1206 1796 ἔϐλαψαν
1241 1717 1631 1783 διαϐάλλοντες
1667 1741 1679 1789 ;
1711 1721 1870 1775 τίνων
1907 1719 1968 1775 οὗ

319 1809 605 1885 γεγόνασιν
641 1806 925 1866 ἐπίϐουλοι
960 1813 1013 1866 οἱ
1057 1814 1442 1887 Χριστομάχοι
1479 1830 1491 1878 ;
1524 1811 1645 1866 τίνα
1694 1812 1972 1865 Κωνστάν-

2076 657 2139 706 ut
2155 652 2250 708 ille
2296 653 2709 725 episcoporum
2725 656 3144 727 obtentu,quos
3158 655 3396 712 libuerit
3409 658 3730 727 adoriatur,

2073 758 2139 796 ac
2181 741 2312 796 licet
2364 750 2767 814 persequxtur,
2804 749 3348 816 persecutortamen
3366 745 3729 802 minimeau-

2074 830 2232 898 diat;
2285 830 2531 884 haeretici
2580 849 2713 887 vero
2770 833 3139 904 imperatoris
3186 834 3531 890 auctoritate
3573 835 3727 902 freti,

2074 921 2290 990 quibus
2320 920 2610 976 voluerint
2640 921 2885 976 insidias
2918 923 3200 977 tendant:
3250 924 3501 979 tendunt
3529 929 3726 981 autem

2075 1008 2191 1064 illis
2221 1009 2320 1080 qui
2356 1026 2470 1063 non
2502 1026 2700 1064 secum
2732 1010 2914 1082 impie
2945 1012 3229 1066 sentiunt.
3263 1015 3438 1068 Porro
3471 1014 3624 1068 hanc
3655 1016 3727 1070 ab

2075 1097 2191 1153 illis
2222 1098 2390 1169 quasi
2419 1098 2478 1152 in
2511 1115 2684 1154 scena
2715 1100 3059 1156 comoediam
3091 1102 3184 1173 agi
3214 1102 3409 1157 videre
3465 1107 3552 1158 est
3580 1121 3593 1157 :
3629 1103 3731 1160 ubi

2076 1187 2177 1258 qui
2209 1187 2468 1258 episcopi
2499 1188 2735 1244 nomine
2763 1194 3066 1260 vocantur,
3121 1190 3475 1247 histrionum
3536 1197 3730 1264 partes

2075 1281 2320 1346 gerunt:
2355 1276 2737 1332 Constantius
2768 1293 2901 1332 vero
2933 1293 3136 1333 eorum
3169 1295 3260 1334 res
3283 1281 3531 1352 agit,qui
3561 1283 3733 1353 quasi

2075 1366 2334 1421 Herodes
2363 1365 2676 1421 Herodiadi
2708 1367 3004 1438 promissa
3035 1369 3153 1423 dat.
3190 1371 3302 1424 [los
3333 1387 3570 1427 rursum
3601 1389 3730 1428 cer-

2077 1469 2211 1508 nere
2240 1457 2331 1509 est
2360 1452 2673 1510 calumniis
2705 1454 2831 1511 suis
2861 1455 3029 1527 quasi
3059 1457 3405 1526 saltitantes,
3440 1459 3616 1530 idque
3659 1463 3731 1518 ad

2077 1543 2345 1599 exsilium
2379 1547 2436 1600 et
2464 1544 2679 1600 caedem
2709 1544 2967 1601 virorum
3003 1547 3103 1618 qui
3135 1548 3228 1619 pie
3244 1548 3315 1604 de
3335 1547 3584 1607 Domino
3607 1567 3737 1608 sen-

2078 1631 2252 1687 tiunt.

2148 1723 2242 1780 53.
2284 1724 2613 1789 Quemnam
2644 1722 2828 1796 igitur
2858 1742 2973 1780 non
3006 1724 3320 1783 calumniis
3342 1726 3544 1784 laesere
3564 1730 3738 1787 suis?

2081 1809 2313 1866 cuinam
2345 1811 2428 1866 illi
2461 1817 2895 1885 oppugnatores
2924 1813 3162 1884 Christi,
3197 1816 3448 1874 insidias
3488 1835 3603 1875 non
3635 1836 3737 1891 pa-

316 1922 434 1962 τιος
466 1900 565 1955 οὐκ
597 1901 817 1977 ἐξώρισε
845 1902 1233 1976 κατενεχθέντα
1261 1903 1389 1973 παρ’
1422 1901 1594 1955 αὐτῶν
1617 1919 1638 1964 ,'
1663 1900 1795 1954 πότε
1816 1921 1968 1955 κατα-

2085 1901 2326 1972 rarunt)
2372 1918 2547 1974 quem
2605 1903 2984 1959 Constantius
3044 1905 3116 1959 ab
3150 1904 3268 1961 illis
3328 1906 3587 1964 delatum
3622 1925 3738 1964 non

319 1989 531 2063 θυμίως
575 1991 750 2045 αὐτῶν
804 1989 903 2045 οὐκ
949 1988 1150 2060 ἤκουσε
1184 2011 1196 2061 ;
1225 1992 1314 2046 xui
1363 1993 1423 2044 τὸ
1473 1987 1808 2064 παράδοξον,
1856 1989 1976 2043 τίνα

318 2079 544 2133 πώποτε
576 2077 810 2153 λέγοντα
839 2081 955 2134 κατ’
991 2078 1207 2135 ἐκείνων
1242 2078 1473 2151 ἐδέξατο,
1524 2080 1612 2134 καὶ
1663 2079 1724 2133 οὐ
1762 2076 1973 2151 μᾶλλον

327 2165 594 2242 λέγοντας
645 2168 881 2230 ἐκείνους
931 2171 1017 2223 οἷα
1047 2168 1142 2224 κᾶν
1200 2167 1420 2224 εἷ’πωσιν
1476 2167 1764 2239 ἀπεδέξατο
1799 2187 1812 2237 ;
1845 2166 1978 2222 ποία

334 2255 620 2327 Εκκλησία
664 2262 755 2312 νῦν
796 2259 886 2312 τὸν
940 2259 1166 2333 Χριστὸν
1221 2261 1335 2332 μετ’
1385 2257 1692 2334 ἐλευθερίας
1738 2279 1974 2333 προσκυ-

317 2353 402 2401 νεῖ
429 2365 443 2414 ;
478 2344 538 2401 ἄν
564 2368 622 2400 τε
651 2349 754 2422 γάρ
809 2343 1036 2416 ευσεϐ-ἦς
1084 2348 1142 2422 ᾖ,
1182 2345 1480 2402 κινδυνεύει
1510 2367 1522 2378 ·
1558 2346 1618 2402 ἄν
1649 2369 1708 2402 τε
1851 2348 1977 2400 ὑπο-

317 2435 592 2511 κρίνηται,
626 2431 892 2512 φοϐεῖται.
943 2438 1121 2490 Πάντα
1176 2437 1512 2510 ὑποκρίσεως
1563 2437 1653 2491 καὶ
1704 2432 1972 2506 ἀσεϐείας,

317 2523 442 2580 ὅσον
477 2525 552 2586 εἷς
594 2525 750 2579 αὐτὸν
793 2528 911 2594 ⁵ἧκε,
959 2525 1344 2599 πεπλήρωκεν.
1394 2526 1456 2581 Εἰ
1489 2527 1592 2601 γάρ
1634 2526 1724 2580 καί
1755 2525 1860 2580 που
1890 2524 1975 2587 τίς

316 2613 455 2669 ἐστιν
519 2609 744 2683 εὐσεϐὴς
815 2616 904 2669 καὶ
976 2613 1337 2692 φιλόχριστος
1397 2616 1522 2688 (εἶσὶ
1579 2613 1635 2669 δὲ
1692 2619 1975 2689 πανταχοῦ

319 2701 525 2758 πολλοὶ
555 2708 816 2774 τοιοῦτοι,
847 2704 922 2765 ὡς
954 2705 1006 2758 0i
1036 2711 1314 2782 προφῆται
1345 2705 1435 2759 καὶ
1479 2705 1666 2766 Ἠλίας
1697 2706 1724 2758 ὁ
1761 2705 1971 2777 μέγας),

318 2791 668 2868 κρύπτονται,
731 2791 790 2846 ἄν
843 2813 948 2846 που
982 2795 1057 2865 (4)
1088 2793 1177 2848 καὶ
1236 2793 1410 2865 αὐτοὶ,
1474 2794 1550 2855 ὡς
1596 2793 1685 2847 τὸν
1731 2788 1974 2860 ’Δϐδιοῦ,

319 2882 508 2935 πιστὸν
544 2879 823 2956 ἄνθρωπον
872 2881 1092 2956 εὕρωσι,
1139 2883 1230 2936 καὶ
1278 2883 1313 2950 ἢ
1349 2882 1426 2943 εἰς
1458 2880 1728 2952 σπήλαιον
1761 2883 1976 2943 καὶτὰς

324 2969 462 3032 ὀπάς
491 2977 591 3039 τῆς
624 2976 729 3044 γῆς
781 2967 1110 3039 ἀπέλθωσιν,
1152 2971 1187 3038 ἢ
1239 2969 1320 3025 ἐπ’
1369 2969 1626 3045 ἐρημίαις
1657 2973 1733 3043 (5)
1763 2993 1977 3048 περιερ-

320 3059 554 3136 χόμενοι
606 3056 950 3134 διατρίψωσι.
1004 3064 1236 3113 Τοιαῦτα
1301 3060 1405 3135 γάρ
1475 3056 1863 3114 δὶαϐάλλουσιν
1924 3062 1976 3114 οἱ

321 3146 573 3226 ἄφρονες,
607 3149 694 3202 οἷα
733 3148 821 3202 καὶ
877 3149 912 3215 ἡ
965 3143 1201 3216 Ἰεζάϐελ
1255 3147 1527 3202 ἐπλάσατο
1566 3150 1701 3203 κατά
1745 3154 1841 3204 τοῦ
1873 3157 1975 3204 Να-

320 3234 531 3310 ϐουθαὶ,
564 3237 654 3292 καὶ
689 3237 740 3291 οἱ
769 3234 1023 3291 Ἰουδαῖοι
1070 3240 1206 3291 κατὰ
1251 3242 1348 3291 τοῦ
1401 3245 1682 3314 Σωτῆρος·
1734 3239 1822 3292 καὶ
1856 3237 1972 3293 λοι-

2087 1989 2376 2060 ablegavit
2397 1991 2452 2044 in
2477 1990 2748 2047 exsilium
2764 1990 2792 2046 εἰ
2811 2007 2886 2063 qu
2897 1993 3190 2049 andonam
3213 2011 3328 2052 non
3348 1995 3741 2055 libentissime

2085 2078 2202 2134 illis
2233 2096 2434 2135 aurem
2467 2080 2762 2151 praebuit?
2793 2086 2851 2136 et
2900 2083 3053 2152 quod
3103 2100 3346 2155 prorsus
3376 2087 3740 2158 stupendum

2089 2171 2199 2234 est,
2262 2184 2436 2240 quem
2470 2185 2731 2241 unquam
2763 2170 2863 2242 qui
2891 2170 3192 2228 haereticos
3222 2173 3468 2229 deferret
3507 2175 3742 2232 auscul-

2085 2259 2248 2325 tavit,
2282 2275 2473 2314 annon
2507 2259 2704 2331 potius
2734 2259 3040 2331 loquentes
3070 2259 3224 2330 illos,
3284 2262 3572 2335 quidquid
3611 2268 3740 2321 tan-

2085 2346 2218 2402 dem
2249 2349 2541 2418 aﬂ‘errent,
2575 2347 2824 2404 libenter
2851 2349 3133 2404 admisit?
3161 2367 3430 2422 quaenam
3480 2353 3742 2409 Ecclesia

2087 2440 2174 2492 est
2205 2453 2331 2507 qua
2357 2438 2482 2507 jam
2512 2436 2693 2493 libere
2721 2437 3020 2494 Christum
3053 2440 3304 2496 adoret?
3364 2458 3502 2497 nam
3562 2443 3613 2497 si
3645 2443 3742 2516 pia

2085 2526 2324 2596 quidem
2347 2525 2442 2592 sit,
2478 2525 2536 2579 in
2564 2527 2821 2596 periculo
2849 2531 3152 2582 versatur:
3188 2528 3279 2585 sin
3339 2529 3600 2598 simulet,
3649 2549 3737 2588 re-

2085 2614 2382 2670 formidat.
2407 2615 2618 2671 Omnia
2647 2615 3026 2674 simulatione
3072 2617 3509 2690 impietateque,
3545 2622 3739 2692 quoad

2086 2703 2334 2758 facultas
2358 2702 2515 2771 tulit,
2549 2703 2812 2776 replevit.
2843 2705 2901 2759 Si
2936 2705 3070 2776 quis
3129 2707 3316 2764 ubivis
3374 2711 3508 2780 pius
3564 2709 3740 2766 homo

2086 2791 2416 2864 Christique
2447 2809 2653 2848 amans
2684 2795 3007 2866 reperiatur
3039 2796 3290 2868 (exstant
3345 2814 3487 2854 sane
3524 2798 3743 2870 ubique

2085 2881 2233 2938 tales
2265 2882 2562 2953 permulti,
2596 2883 2748 2938 sicut
2774 2884 3089 2956 prophetae,
3123 2903 3492 2960 magnusque
3537 2889 3735 2959 Elias),

2086 2972 2670 3044 ejusmodi,inquam,
2690 2972 2926 3028 homine
2942 2974 3508 3041 delitescunt,sicubi
3542 2981 3738 3034 tamen

2085 3059 2199 3132 ipsi
2232 3061 2414 3115 fidum
2447 3060 2766 3131 hominem,
2801 3062 2973 3117 velvti
3005 3064 3253 3119 Abdiam
3278 3065 3341 3135 '5,
3403 3065 3739 3123 inveniant:

2084 3149 2172 3204 vel
2205 3149 2254 3204 si
2285 3149 2456 3205 liceat
2487 3149 2548 3204 in
2581 3166 2855 3206 cavernas
2885 3155 2941 3206 et
2971 3151 3029 3206 in
3088 3152 3383 3208 foramina
3439 3161 3606 3209 terrae
3650 3171 3739 3210 se-

2084 3239 2307 3304 cedere,
2340 3243 2441 3294 aut
2480 3239 2716 3295 demum
2775 3239 2836 3295 in
2894 3242 3138 3297 desertis
3198 3241 3345 3298 locis
3402 3243 3741 3301 aberrantes

318 3329 419 3382 πὸν
453 3327 676 3399 ἐκεῖνος,
709 3328 1011 3400 προστάτης
1055 3333 1154 3396 τῆς
1208 3327 1467 3402 αἱρέσεως
1517 3324 1612 3397 ὢν,
1665 3331 1764 3398 τήν
1808 3350 1866 3382 τε
1896 3332 1968 3398 (6)

2085 3329 2455 3384 commorari.
2489 3329 2600 3384 Eas
2629 3329 2784 3384 enim
2815 3329 3143 3387 calumnias
3174 3331 3444 3387 deferunt
3469 3340 3735 3390 amentes

320 3415 577 3488 ἀλήθειαν
631 3417 988 3491 μεταστρέψαι
1041 3414 1236 3484 θέλων,
1287 3417 1361 3478 ὡς
1395 3417 1422 3470 ὁ
1455 3411 1666 3491 Ἀχαάϐ
1717 3418 1806 3471 τὸν
1869 3418 1970 3491 ἀμ-

316 3507 540 3561 πελῶνα
572 3505 648 3567 εἷς
677 3512 850 3574 κῆπον
887 3503 1176 3580 λαχανίας,
1211 3504 1243 3558 a
1269 3502 1516 3559 θέλουσιν
1549 3505 1765 3573 ἐκεῖνοι,
1802 3508 1970 3580 πράτ-

315 3616 420 3666 τει,
455 3594 570 3650 ἐπεὶ
599 3594 690 3649 καὶ
740 3593 899 3656 αὐτὸς
929 3597 1008 3667 (7)
1040 3595 1174 3670 ἅπερ
1225 3591 1418 3663 ἤθελεν
1462 3592 1662 3663 ἤκουσε
1710 3597 1835 3670 παρ’
1881 3596 1971 3650 αῦ-

316 3706 425 3739 των
436 3730 449 3742 ο

389 3956 479 4010 54.
514 3951 690 4021 Οὕτω,
745 3953 881 4006 καθά
927 3957 1188 4028 προεῖπον
1239 3951 1366 4015 τοὺς
1419 3950 1710 4022 ἀληθινοὺς
1753 3954 1966 4010 ἐπισκό-

320 4063 478 4114 πους,
529 4041 646 4096 ἐπεὶ
705 4042 779 4114 μή
813 4035 1068 4111 ἠσέϐουν,
1125 4042 1200 4103 ὡς
1241 4039 1432 4110 ἤθελεν
1483 4041 1664 4111 αὐτὸς,
1699 4043 1965 4117 ἐξώρισεν·

315 4131 492 4194 οὕτως
548 4131 639 4186 καὶ
695 4131 830 4185 κατᾶ
889 4130 1208 4186 ’Δθανασίου
1265 4136 1355 4185 νῦν
1421 4132 1731 4187 ἀπέστειλεν
1805 4136 1967 4210 Ἡρά-

309 4220 494 4277 κλειον
527 4221 617 4276 τὸν
649 4220 869 4292 κόμητα
897 4221 996 4293 (8),
1031 4220 1120 4274 κύὶ
1168 4221 1235 4274 τά
1289 4222 1383 4294 μὲν
1437 4219 1778 4297 διατάγματα
1835 4245 1968 4300 προ-

311 4313 471 4383 έθηκε
505 4309 769 4385 δημοσίᾳ,
804 4307 1029 4371 ἐντολὰς
1079 4307 1136 4364 δέ
1195 4310 1464 4384 βασιλέως
1515 4313 1872 4388 ἀπήγγειλεν,
1925 4316 1969 4370 εἰ

313 4404 389 4476 μὴ
445 4403 707 4456 πεισθεῖεν
747 4405 865 4460 τοῖς
910 4400 1251 4473 γράμμασιν,
1305 4400 1583 4478 ἀφαίρεσιν
1631 4408 1728 4457 τοῦ
1779 4402 1968 4479 ἄρτου,

306 4493 397 4546 xui
443 4496 553 4546 τῶν
608 4485 852 4544 εἰδώλων
904 4485 1110 4541 ἔσεσθαι
1162 4492 1578 4568 καταστροφὴν,
1632 4490 1860 4547 πολλῶν
1909 4516 1968 4549 τε

305 4578 667 4649 πολιτευτῶν,
699 4579 788 4632 xui
835 4580 942 4632 τῶν
995 4577 1099 4631 ἀπὸ
1143 4582 1242 4632 τοῦ
1288 4575 1470 4652 δήμου
1517 4582 1732 4643 πάντως
1879 4584 1964 4638 αἰ-

304 4667 638 4745 χμᾶλωσίαν
700 4667 1048 4743 γενήσεσθαι.
1112 4666 1245 4721 Εἶτα
1298 4672 1466 4722 ταῦτα
1521 4669 1760 4724 ἀπειλῶν
1794 4719 1808 4744 ,

303 4759 556 4836 ᾐσχύνθη
592 4755 834 4831 δημοσίᾳ
869 4753 1084 4830 μεγάλῃ
1133 4760 1202 4829 τῇ
1252 4762 1406 4834 φωνῇ
1455 4755 1633 4834 λέγειν
1670 4781 1682 4793 ·
1715 4761 1811 4815 Τὸν
1871 4763 1963 4835 μὲν

305 4849 620 4904 Ἀθανάσιον
657 4851 1000 4920 παραιτεῖται
1055 4843 1311 4920 βασιλεύς
1346 4865 1358 4876 ·
1390 4852 1508 4910 τοῖς
1562 4845 1620 4902 δὲ
1671 4849 1972 4926 ’Λρειανοῖς

302 4939 399 5000 τὰς
429 4935 758 5007 Ἐκκλησίας
791 4931 1165 5009 παραδοθῆναι
1197 4933 1466 4993 ἐκέλευσε.
1517 4939 1739 4992 Πάντων
1791 4961 1849 4993 τε
1880 4939 1968 4994 ἐπὶ

303 5027 486 5101 τούτῳ
515 5025 924 5100 θαυμαζόντων,
955 5024 1046 5078 καὶ
1095 5025 1230 5098 πρὸς
1281 5023 1568 5097 ἀλλήλους
1610 5027 1871 5083 νευόντων
1912 5051 1970 5085 τε

375 5137 420 5173 ²⁶
453 5136 529 5192 IIl
561 5135 702 5207 Reg.
734 5149 895 5199 xvm,
929 5133 1015 5187 10.
1048 5133 1092 5166 ²⁷
1127 5133 1203 5188 III
1241 5133 1381 5207 Reg.
1413 5151 1534 5202 XXI,
1563 5137 1619 5192 7.

396 5243 453 5314 2)
481 5237 1012 5314 Reg.,é8éln._1n_fra
1031 5235 1465 5314 idem_,)\é-mrui.

398 5244 432 5298 2
481 5243 828 5314 Reg.,é8é)m.
855 5243 1012 5295 Intra
1031 5243 1465 5313 ἱᾶοω,λέγηται.

398 5243 453 5390 3)
478 5315 571 5390 _Ita
590 5314 743 5390 _Reg.
776 5295 938 5390 Editi
959 5307 1227 5390 vero,
1245 5331 1320 5366 τε.
1484 5380 1508 5390 η

399 5388 452 5459 4)
460 5387 561 5460 με.
589 5382 806 5457 Regius
826 5383 1055 5460 -οοᾴοιξ,⁸
1089 5382 1232 5460 editi
1288 5400 1444 5453 vero,
1479 5382 1609 5460 ἄχρι
1631 5406 1756 5460 που,
1791 5389 1962 5446 male.

296 5449 600 5532 Mo‘x'Beg,
634 5449 1170 5532 οἶῐξᾳβὶὶηξᾼϐδιού,
1203 5471 1337 5510 cum
1372 5449 1613 5532 accentu
1646 5459 1704 5514 in
1737 5449 1965 5532 postre—

301 5547 419 5604 ma.
451 5522 622 5604 Editi,
655 5522 900 5604 ’A6_3iou_.
921 5525 1139 5604 Estque
1171 5543 1383 5604 nomen
1414 5528 1559 5604 illud
1590 5522 1762 5604 vulgo
1803 5533 1965 5588 inde-

297 5601 574 5658 clinabile
603 5601 758 5673 apud
789 5599 1208 5666 Athanasium,
1239 5615 1306 5654 ex
1337 5599 1578 5656 Hebraeo
1621 5599 1961 5675 expressum

294 5682 483 5734 ἸἽἾἨ.

385 5684 566 5816 ἓξἸῐα
595 5743 735 5816 Reg.
769 5741 921 5816 Editi
950 5756 1106 5808 vero,
1139 5738 1218 5816 ἐπ’
1248 5737 1498 5816 ἐρῃμίαςο

393 5747 429 5800 5
479 5747 566 5800 Ita
595 5747 735 5816 Reg.
769 5747 921 5798 Editi
950 5756 1106 5808 vero,
1139 5747 1218 5794 ἐπ’
1250 5747 1498 5815 ἐρημίας*

369 5747 450 5889 (ὃ)
476 5815 642 5888 Reg,
673 5813 987 5890 προστάτης
1012 5817 1117 5884 τῆς
1147 5811 1405 5890 αἱρέσεως
1436 5813 1536 5889 ὠν,
1593 5817 1692 5890 τήν
1726 5865 1748 5891 ._
1751 5836 1812 5872 τε
1834 5818 1965 5891 :_si-y

2081 3415 2400 3488 illi,quales
2420 3417 2652 3474 Jezabel
2670 3418 2951 3474 adversus
3001 3420 3337 3476 Nabotbum
3369 3422 3434 3487 ³⁷,
3465 3425 3524 3477 et
3550 3422 3741 3478 Judaei

2082 3505 2140 3560 in
2173 3505 2525 3562 Salvatorem
2559 3507 2886 3564 confinxere
2914 3525 2925 3563 :
2952 3525 3018 3564 ac
3049 3509 3301 3581 denique
3327 3514 3609 3582 patronus
3641 3511 3741 3569 ille

2083 3594 2342 3663 haeresis,
2374 3612 2508 3651 cum
2542 3595 2842 3652 veritatem
2879 3597 3194 3654 immutare
3216 3599 3356 3655 velit
3372 3599 3528 3655 haud
3563 3617 3736 3658 secus

2084 3700 2262 3756 quam
2294 3683 2494 3740 Achab
2523 3685 2753 3740 vineam
2785 3688 3070 3742 convertit
3102 3687 3159 3742 in
3215 3687 3453 3744 hortum
3483 3687 3732 3760 olerum,

2083 3772 2280 3828 omnia
2301 3791 2405 3845 pro
2429 3791 2632 3832 eorum
2661 3773 2904 3832 libidine
2936 3776 3074 3848 agit,
3099 3777 3238 3848 quia
3260 3793 3468 3850 nempe
3489 3776 3587 3834 ille
3611 3795 3740 3851 qua:

2083 3862 2304 3933 optavit
2331 3862 2404 3917 ab
2436 3862 2552 3917 illis
2584 3864 2822 3919 audivit.

2151 3951 2242 4004 54.
2273 3951 2366 4005 Sic
2399 3951 2486 4006 uti
2519 3969 2698 4023 supra
2726 3952 2864 4021 dixi,
2889 3970 3054 4008 veros
3077 3953 3402 4026 episcopos,
3433 3956 3588 4028 quod
3622 3957 3742 4012 nol-

2080 4039 2202 4095 lent
2235 4041 2416 4112 impia
2446 4043 2726 4112 proﬁteri,
2774 4043 3058 4098 arbitratu
3118 4061 3247 4114 suo,
3302 4044 3621 4117 relegavit:
3657 4047 3740 4104 ita

2083 4130 2362 4185 adversus
2385 4130 2580 4202 ipsum
2602 4131 3351 4198 Athanasium,Heraclium
3374 4133 3537 4190 misit
3557 4137 3738 4191 comi-

2081 4219 2325 4290 tem,qui
2356 4220 2634 4276 mandata
2659 4221 2890 4292 publice
2913 4222 3065 4278 298
3115 4223 3440 4294 proposuit,
3474 4240 3539 4278 ac
3561 4225 3738 4295 jussu

2079 4309 2452 4380 imperatoris
2474 4310 2859 4381 denuntiavit,
2893 4312 2940 4366 si
2961 4329 3076 4367 non
3125 4311 3334 4368 litteris
3366 4314 3731 4385 obtempera-

2079 4403 2227 4466 rent,
2261 4399 2645 4454 auferendum
2679 4417 2913 4472 panem,
2947 4401 3340 4457 subvertenda
3369 4401 3734 4474 idola,pluri-

2080 4488 2309 4559 misque
2321 4488 2784 4561 magistratibus,
2815 4489 3314 4563 popularibusque
3337 4490 3731 4562 captivitatem

2077 4577 2250 4650 plane
2279 4580 2697 4650 expectandam
2760 4581 2896 4634 fore.
2957 4578 3176 4634 Deinde
3233 4579 3326 4634 his
3372 4581 3735 4638 denuntiatis

1872 4672 1970 4727 οὐκ
1997 4669 2048 4737 D
2079 4669 2280 4734 minis,
2315 4686 2429 4723 non
2467 4669 2684 4740 puduit
2714 4669 3013 4724 hominem
3073 4668 3193 4723 hac
3248 4669 3440 4740 palam
3499 4669 3737 4742 altaque

2080 4772 2220 4812 voce
2264 4757 2520 4829 proferre
2547 4776 2570 4812 :.
2618 4757 3008 4812 Athanasium
3067 4757 3388 4829 imperator
3443 4759 3734 4830 repudiat,

2081 4845 2485 4917 Ecclesiasque
2505 4845 2736 4901 Arianis
2756 4846 2907 4901 tradi
2923 4846 3124 4916 jussit.
3148 4846 3294 4902 Hinc
3326 4847 3526 4902 mirari
3557 4863 3739 4920 super

2081 4934 2188 4989 hac
2219 4951 2278 4990 re
2307 4951 2532 5000 omnes,
2568 4940 2749 4990 nutus
2774 4935 3021 4990 invicem
3048 4935 3205 5002 dare,
3235 4953 3302 4991 ac
3324 4935 3550 4993 dicere:
3577 4937 3731 4992 Num

2081 5025 2458 5080 Constantius
2489 5025 2676 5080 factus
2710 5030 2799 5081 est
2827 5025 3137 5080 haereticus
3159 5024 3187 5080 ‘?
3217 5024 3313 5079 ille
3368 5030 3585 5093 autem,
3634 5026 3734 5082 ubi

2080 5239 2300 5296 militer
2319 5239 2500 5297 Basil.
2521 5240 2764 5297 mutatis
2784 5245 2979 5295 tamen
3024 5237 3284 5305 vocibus,
3343 5243 3446 5306 τῆς
3476 5235 3732 5310 αἱρέσεως

2077 5313 2414 5384 προστάτης,
2444 5314 2543 5381 τὴν
2593 5332 2670 5367 τέ’
2729 5313 2880 5369 Editi
2934 5311 3130 5367 minus
3177 5315 3354 5374 recte,
3421 5309 3734 5384 προστάτης

2077 5383 2178 5451 τῆς
2210 5383 2468 5454 αἱρέσεως
2500 5385 2894 5454 Κωνστάντιος,
2927 5384 3026 5452 τήν
3056 5402 3134 5439 τε.

2155 5404 2178 5443 ς
2210 5404 2263 5437 αι
2305 5404 2468 5445 εσεως
2502 5404 2894 5454 ιιωνσταντιος,
2927 5404 3026 5452 την
3056 5404 3134 5439 τε.

2150 5459 2224 5529 (7)
2257 5404 2341 5513 ἧι).
2371 5457 2521 5529 Reg.
2546 5457 2694 5513 Editi
2729 5473 2883 5512 vero.
2918 5454 3030 5509 ἐπεὶ
3063 5455 3090 5506 ὁ
3125 5451 3303 5529 αὐτός..

2268 5519 2682 5606 Βρεμξλόμιτα.
2719 5529 3009 5606 ΜΟξ-εξρἰἱ
3037 5525 3341 5606 ϋςπυπιεὶη
3366 5519 3691 5606 διατάγματι
3716 5542 3728 5593 ;

2079 5591 2175 5662 alii
2209 5591 2802 5673 amné'seu‘rayam.
2830 5601 3048 5656 Ibidem
3093 5605 3229 5669 Reg.
3281 5600 3340 5652 et
3388 5591 3588 5666 Basil.,
3647 5591 3729 5648 ev;

2073 5674 2262 5736 τολάς.
2288 5671 2735 5745 Εᾶὶίιὶ,ἐντολαῖς.

2145 5749 2221 5821 (9)
2253 5745 2346 5803 Sic
2377 5741 2518 5817 Reg.
2549 5741 3108 5811 Editivero,mtv-cuc.
