4132 6390
408 422 526 488 759

404 554 873 615 erubescendum
903 559 1048 625 erat,
1081 559 1381 613 senatores
1409 558 1629 625 contra,
1661 554 2050 611 ethnicorum-

2163 552 2254 606 καὶ
2311 549 2581 626 λεγόντων
2636 570 2648 584 ⁸

405 661 520 725 que
550 644 931 718 magistratus
962 644 1253 702 idolorum
1284 646 1528 702 aedituos
1585 644 1827 717 urgebat
1884 647 1951 698 ut
1978 643 2053 699 iis

405 735 864 801 subscriberent,
896 735 1422 807 proﬁterenturque
1463 751 1524 791 se
1583 733 1750 789 illum
1801 733 2055 805 recipere

404 824 767 898 episcopum,
800 840 975 895 quem
1008 824 1267 880 mitteret
1296 824 1631 896 imperator.
1666 824 1728 878 In
1760 822 1869 877 hoc
1901 826 2055 883 certe

402 914 627 986 agendo
658 913 1037 969 Constantius
1067 929 1321 968 canones
1352 912 1779 968 ecclesiasticos
1826 911 2055 982 egregie

399 1002 769 1058 vindicabat:
831 1018 1086 1072 namque
1146 1018 1249 1073 pro
1310 1001 1584 1057 Ecclesiae
1653 1000 1882 1067 litteris,
1946 1000 2053 1055 fori

400 1090 625 1147 litteras
647 1108 748 1163 pro
780 1090 1131 1163 populorum
1174 1090 1436 1162 scriptis,
1468 1090 1814 1145 aedituorum
1844 1090 2056 1161 scripta

398 1180 774 1252 reposcebat;
798 1197 1015 1251 gnarus
1036 1179 1259 1236 scilicet
1279 1196 1340 1235 se
1363 1197 1479 1235 non
1503 1179 1839 1251 episcOpum
1890 1178 2052 1233 Chri-

401 1268 629 1340 stianis,
662 1270 763 1325 sed
794 1268 868 1325 iis
900 1269 999 1341 qui
1031 1269 1172 1325 talia
1202 1269 1526 1326 scriberent
1546 1268 1899 1340 litigatorem
1927 1267 2054 1323 mit-

400 1362 546 1415 tere.

469 1449 558 1503 55.
594 1447 819 1503 Ethnici
849 1447 1046 1519 itaque
1079 1448 1183 1519 qui
1245 1446 1344 1502 tali
1406 1446 1836 1519 subscriptione
1898 1446 2053 1500 redi-

400 1537 642 1594 mebant
671 1535 845 1593 idolis
876 1538 1000 1592 suis
1053 1536 1514 1601 immunitatem,
1575 1540 1633 1591 et
1691 1533 1959 1590 nonnulli
1989 1551 2058 1590 ex

398 1625 690 1700 agricolis,
721 1643 788 1682 ac
819 1625 869 1681 si
898 1626 969 1681 de
999 1626 1146 1681 duce
1174 1629 1275 1681 aut
1304 1626 1376 1680 de
1431 1625 1545 1681 alio
1576 1625 1832 1696 quodam
1873 1623 2056 1680 misso

387 1714 590 1783 judice
613 1719 904 1787 ageretur,
939 1714 1071 1769 licet
1100 1713 1294 1781 inviti,
1322 1714 1451 1784 ejus
1479 1718 1676 1769 tamen
1732 1713 1924 1768 minas
1962 1728 2055 1768 ve-

396 1803 515 1872 riti,
549 1803 984 1876 subscripsere:
1022 1820 1160 1859 nam
1192 1803 1411 1858 ethnici
1442 1819 1575 1857 cum
1634 1807 1853 1867 essent,
1915 1801 2055 1873 quid

397 1891 586 1950 acturi
608 1898 777 1948 erant
802 1908 982 1964 quam
1015 1893 1167 1964 quod
1208 1890 1547 1963 imperatori
1604 1890 1908 1964 placeret?
1954 1907 2054 1962 po-

392 1979 551 2055 pulis
573 1986 764 2038 autem
795 1981 855 2036 in
888 1998 1101 2054 magna
1128 1981 1376 2037 ecclesia
1404 1981 1792 2053 congregatis,
1843 1984 2053 2052 quarta

393 2071 611 2145 quippe
660 2070 898 2126 Sabbati
954 2074 1099 2136 erat,
1158 2071 1440 2143 postridie
1497 2069 1798 2125 Heraclius
1855 2085 2051 2128 comes

393 2176 593 2217 secum
617 2159 941 2231 assumpsit
959 2160 1418 2233 Cataphronium
1442 2160 1664 2232 Egypti
1688 2159 2045 2231 praefectum,

392 2250 737 2307 Faustinum
798 2248 1182 2316 Catholicum,
1242 2249 1679 2321 Bithynumque
1709 2248 2047 2303 haereticum

390 2339 714 2404 hominem,
748 2356 815 2395 ac
844 2339 929 2394 illi
962 2356 1080 2395 una
1139 2340 1463 2396 forensium
1512 2339 1780 2411 juniores
1831 2353 2048 2410 eosque

390 2424 679 2485 idolorum
709 2428 963 2484 cultores
996 2428 1313 2495 concitant,
1345 2428 1567 2485 aientes
1596 2443 1725 2482 eam
1756 2442 1885 2481 esse
1933 2426 2044 2481 im-

389 2519 677 2592 peratoris
697 2517 1053 2591 jussionem,
1089 2522 1152 2572 ut
1180 2518 1240 2573 in
1272 2517 1918 2582 ecclesiamirruerent,
1951 2532 2047 2587 po-

390 2605 680 2680 pulosque
709 2607 1058 2680 lapidarent.
1091 2600 1237 2663 Cum
1269 2605 1468 2678 itaque
1481 2608 1607 2677 jam
1634 2621 1664 2661 e
1681 2604 1897 2678 populo
1922 2604 2047 2677 plu-

391 2696 527 2752 rimi
556 2700 690 2769 post
718 2696 1127 2753 dimissionem
1182 2696 1403 2769 egressi
1455 2698 1675 2762 essent;
1736 2711 2044 2750 remanen-

390 2785 552 2841 tibus
609 2785 814 2857 paucis
871 2785 1251 2841 mulieribus:
1308 2790 1449 2840 tunc
1508 2785 1591 2840 uti
1651 2787 2049 2857 praeceperant

391 2879 560 2948 gesta
587 2891 681 2929 res
738 2878 845 2930 est.
905 2875 1155 2946 Eratque
1212 2872 1544 2929 miserabile
1593 2872 2043 2945 spectaculum:

392 2979 529 3019 nam
560 2979 694 3019 cum
717 2980 940 3034 paucae,
966 2962 1134 3019 finita
1154 2963 1436 3028 oratione,
1453 2963 1703 3035 jamjam
1731 2960 2044 3030 sedissent,

392 3053 704 3125 derepente
730 3053 975 3123 juvenes
1004 3051 1110 3123 illi,
1144 3068 1278 3107 cum
1305 3051 1622 3124 lapidibus,
1655 3057 1710 3107 et
1765 3052 2045 3119 fustibus,

393 3141 536 3199 nudi
565 3141 878 3209 irruentes,
910 3141 1056 3197 alias
1087 3141 1367 3214 lapidare,
1395 3158 1561 3197 sacra
1588 3158 1720 3197 vero
1750 3141 2044 3213 virginum

393 3248 637 3305 corpora
664 3230 853 3305 plagis
883 3229 1051 3303 impii
1084 3231 1407 3301 concidere,
1442 3230 1835 3303 detractisque
1886 3230 2046 3285 vela-

967 419 1478 487 S.ATHANASII
1521 415 1696 486 OPP.
1760 417 1955 484 PABS
1997 414 2135 482 I.-
2165 414 2585 485 HISTORIGA
2625 417 2727 485 ET
2766 414 3256 488 DOGMATICA:

3695 410 3821 483 τοο

2701 550 2764 606 Εἰ
2812 552 3183 614 Κωνστάντιος
3238 545 3508 628 αἱρετικὸς
3564 547 3761 625 γέγονε
3801 563 3819 618 ;

2165 640 2283 696 δέον
2327 640 2595 716 ἐρυθριᾷν,
2622 642 2650 696 ὁ
2683 638 2741 697 δὲ
2794 639 3005 715 μᾶλλον
3051 643 3326 716 ἠνάγκαζε
3376 637 3674 717 βουλευτὰς
3728 637 3823 694 καὶ

2164 727 2409 804 δημότας
2439 729 2680 793 ἐθνικοὺς
2711 731 3017 808 νεωκόρους
3046 736 3153 786 τῶν
3188 727 3435 786 εἰδώλων
3471 728 3559 785 ἐπὶ
3605 726 3827 791 τούτοις

2166 821 2495 898 ὑπογράφειν
2526 820 2617 875 καὶ
2669 819 2990 897 ὁμολογεῖν,
3043 818 3293 897 δέχεσθαι
3327 819 3385 875 ὃν
3436 819 3495 874 ἂν
3530 814 3830 891 ἀποστείλῃ

2175 908 2431 984 βασιλεὺς
2495 909 2830 965 ἐπίσκοπον.
2892 912 3037 965 Πάνυ
3094 930 3157 985 γε
3213 909 3440 971 κανόνας
3499 905 3832 976 Ἐκκλησίας

2165 996 2393 1054 ἐκδικῶν
2425 1044 2440 1069 ,
2493 998 2665 1054 ἐποίει
2720 1004 2883 1054 τοῦτο
2941 998 3185 1073 γενέσθαι
3238 999 3608 1059 Κωνστάντιος
3661 1014 3673 1027 ⁸
3711 996 3829 1050 ἀντὶ

2163 1088 2265 1163 γάρ
2328 1085 2653 1157 Ἐκκλησίας
2704 1089 2803 1157 τὴν
2861 1088 3086 1162 ἀγορὰν,
3146 1088 3264 1142 ἀντὶ
3320 1092 3428 1142 τῶν
3491 1084 3640 1140 λαῶν
3692 1083 3824 1146 τοὺς

2163 1175 2465 1251 νεωκόρους
2536 1176 2731 1249 ἀπῄτει
2783 1177 3085 1251 γράμματα
3137 1194 3149 1206 ·
3204 1176 3506 1251 ἐγίγνωσκε
3551 1175 3655 1250 γάρ
3723 1172 3825 1228 οὐκ

2165 1264 2455 1320 ἐπίσκοπον
2512 1265 2669 1320 αὐτὸν
2716 1270 3100 1341 Χριπιανοῖς,
3163 1262 3309 1319 ἀλλά
3364 1284 3487 1318 τινα
3541 1261 3819 1341 φιλοπρά-

2164 1376 2343 1429 γμονα
2372 1356 2603 1427 πέμπειν
2640 1354 2825 1417 αὐτοῖς
2855 1360 2972 1415 τοῖς
3004 1355 3325 1432 γράφουσιν.

2235 1446 2323 1500 55.
2357 1442 2628 1515 ’Έλληνες
2683 1443 2775 1517 μὲν
2830 1441 2945 1510 οὖν,
2997 1442 3177 1519 ὥσπερ
3228 1441 3533 1516 ὠνούμενοι
3576 1446 3648 1516 τῇ
3690 1442 3823 1496 ὑπο-

2166 1535 2348 1608 γραφῇ
2397 1533 2497 1601 τὴν
2551 1536 2658 1586 τῶν
2707 1528 2953 1586 εἰδώλων
3006 1532 3207 1586 ἑαυτῶν
3259 1529 3484 1586 ἀσυλίαν
3539 1528 3629 1585 καί
3676 1549 3822 1592 τινες

2164 1625 2271 1675 τῶν
2307 1620 2572 1696 ἐργασιῶν
2608 1623 2730 1695 (9'),
2764 1618 2981 1683 ἄκοντες
3018 1621 3136 1694 μὶν,
3170 1616 3407 1696 ἔγραψαν
3458 1617 3517 1675 δὲ
3560 1618 3713 1694 ὅμως
3747 1619 3825 1682 ὡς

2166 1712 2291 1786 περὶ
2316 1710 2612 1785 ἡγεμόνος,
2645 1712 2681 1779 ἢ
2719 1707 2893 1764 ἄλλου
2942 1711 3089 1772 τινὸς
3141 1706 3622 1782 ἀποστελλομένου
3671 1706 3826 1763 δικα-

2135 1828 2141 1835 ·
2168 1805 2317 1867 στοῦ,
2351 1797 2439 1854 διὰ
2467 1801 2562 1861 τάς
2588 1800 2714 1873 παρ’
2748 1797 2954 1854 ἐκείνου
2986 1796 3291 1874 λεγομένας
3322 1796 3549 1861 ἀπειλάς
3588 1817 3600 1828 ·
3621 1797 3675 1852 τί
3720 1797 3829 1873 γὰρ

2095 1936 2142 2001 Β

2174 1886 2409 1961 ἔμελλον
2443 1886 2716 1957 Ἕλληνες
2749 1887 2899 1950 ὅντες
2927 1893 3126 1961 ποιεῖν,
3150 1888 3186 1958 ἢ
3212 1888 3357 1943 τοῦθ’
3382 1886 3514 1962 ὅπερ
3545 1884 3695 1942 δοκεῖ
3716 1888 3833 1962 (10)

2170 1982 2250 2050 τῷ
2304 1975 2563 2052 βασιλεῖ;
2610 1982 2726 2032 Τῶν
2777 1975 2834 2032 δὲ
2882 1982 3027 2033 Λαῶν
3081 1977 3130 2032 ἐν
3176 1981 3247 2051 τῇ
3302 1974 3515 2052 μεγάλῃ
3565 1973 3835 2048 ἐκκλησίᾳ

2161 2065 2527 2122 συνελθόντων
2572 2068 2822 2142 (τετάρτη
2874 2068 2978 2143 γάρ
3039 2068 3105 2137 ἦν
3168 2061 3499 2139 Σαϐϐάτου),
3556 2060 3831 2140 λαμϐάνει

2163 2158 2276 2230 μεθ’
2330 2157 2520 2211 ἑαυτοῦ
2564 2161 2634 2230 τῇ
2690 2157 2814 2227 ἑξῆς
2867 2158 2979 2230 (11)
3037 2153 3359 2233 Ἡράκλειος
3416 2157 3444 2211 ὁ
3494 2155 3677 2229 κόμης
3727 2155 3823 2211 τὸν

2158 2242 2397 2323 ἔπαρχον
2447 2254 2550 2315 τῆς
2583 2245 2865 2321 Αἰγύπτου
2922 2246 3315 2324 Καταφρόνιον,
3364 2246 3455 2301 καὶ
3515 2250 3820 2301 Φαυστῖνον

2153 2336 2243 2390 τὸν
2298 2333 2618 2403 Καθολικὸν,
2644 2335 2736 2390 τόν
2798 2356 2857 2390 τε
2912 2336 3132 2390 Βιθυνὸν
3189 2335 3454 2411 αἱρετικὸν
3515 2330 3666 2403 ὄντα,
3723 2336 3819 2389 καὶ

2153 2426 2511 2499 παροξύνουσι
2543 2429 2652 2480 τῶν
2704 2425 2974 2501 ἀγοραίων
3026 2423 3155 2488 τοὺς
3202 2428 3501 2500 νεωτέρους
3533 2424 3624 2480 καὶ
3657 2418 3818 2479 σεϐο-

2159 2516 2349 2589 μένους
2383 2512 2605 2585 εἴδωλα,
2636 2513 2838 2584 ταύτην
2873 2512 3099 2584 ἐντολὴν
3134 2514 3268 2569 εἶναι
3313 2512 3582 2591 βασιλέως
3614 2510 3812 2589 λέγον-

2151 2626 2261 2675 τες,
2280 2602 2373 2659 ’ἱνα
2407 2602 2704 2659 ἐπέλθωσιν
2738 2601 3022 2675 ἐκκλησίᾳ,
3056 2604 3146 2659 καὶ
3174 2601 3438 2659 λιθάσωσι
3466 2601 3597 2666 τοὺς
3618 2600 3815 2666 λαούς.

2155 2691 2298 2764 ’Ήδη
2331 2695 2425 2767 μὲν
2459 2692 2549 2749 οὖν
2581 2694 2715 2763 ἦσαν
2750 2695 2802 2748 οἱ
2852 2691 3102 2748 πλεῖστοι
3151 2698 3249 2747 τοῦ
3301 2691 3459 2765 λαοῦ,
3506 2692 3815 2769 γενομένης

2156 2781 2497 2851 ἀπολύσεως,
2541 2781 2864 2854 ἐξελθόντες,
2916 2786 3186 2858 γυναικῶν
3239 2780 3297 2838 δὲ
3350 2780 3557 2858 ὀλίγων
3591 2782 3824 2856 ἀπομει-

2155 2877 2328 2927 νασῶν
2382 2875 2514 2947 (12),
2558 2872 2778 2947 γέγονεν
2831 2872 2907 2935 ὡς
2955 2872 3307 2949 προσέταξαν.
3359 2872 3460 2927 Καὶ
3508 2872 3683 2945 θέαμα
3732 2870 3819 2925 οἱ-

2154 2963 2314 3039 κτρὸν
2347 2962 2413 3031 ἦν
2450 2984 2461 2996 ·
2500 2961 2619 3036 ἄρτι
2650 2963 2753 3037 γάρ
2784 2962 2919 3032 ἦσαν
2954 2963 3060 3017 ἀπὸ
3098 2968 3200 3031 τῆς
3249 2962 3422 3037 εὑχῆς
3464 2958 3652 3035 ὀλίγαι
3685 2962 3819 3015 καθ-

2158 3052 2428 3125 εζόμεναι,
2479 3052 2568 3106 καὶ
2618 3052 2820 3126 γυμνοὶ
2872 3053 3006 3126 μετά
3055 3049 3224 3106 λίθων
3280 3049 3433 3114 εὐθὺς
3490 3050 3580 3105 καὶ
3635 3048 3816 3121 ξύλων

2157 3140 2395 3211 ἐπῆλθον
2445 3142 2498 3195 οἱ
2544 3142 2849 3216 νεώτεροι·
2882 3140 2973 3195 καὶ
3022 3141 3119 3204 τὰς
3176 3141 3269 3214 μὲν
3317 3138 3590 3211 ἐλίθαζον,
3641 3141 3709 3194 τά
3760 3136 3824 3195 δὲ

2154 3234 2261 3285 τῶν
2294 3231 2570 3305 παρθένων
2617 3232 2747 3305 ἅγια
2795 3231 3024 3304 σώματα
3078 3231 3410 3285 κατέκοπτον
3472 3227 3720 3305 πληγαῖς
3770 3229 3827 3284 οἱ

393 3321 655 3377 minibus
685 3337 886 3378 earum
917 3320 1111 3392 capita
1139 3321 1383 3392 nudare,
1416 3337 1485 3376 ex
1541 3321 1899 3392 adversoque
1936 3325 2050 3375 tra-

2163 3319 2327 3391 ἄθεοι,
2390 3318 2569 3374 εἷλκόν
2628 3341 2686 3375 τε
2739 3321 2806 3374 τά
2864 3320 3234 3392 σκεπάσματα,
3285 3319 3375 3374 καὶ
3434 3320 3530 3381 τὰς
3578 3316 3822 3397 κεφαλὰς

389 3410 596 3467 bentes
653 3408 787 3466 illas
843 3409 1094 3482 pedibus
1149 3409 1402 3482 improbi
1464 3413 1780 3477 percutere.
1838 3409 2046 3465 Gravia

389 3504 544 3557 certe
572 3497 675 3555 illa
707 3502 766 3555 et
794 3499 1115 3555 admodum
1148 3498 1407 3555 atrocia:
1443 3499 1542 3554 sed
1577 3516 1703 3569 quae
1736 3501 2049 3555 consecuta

391 3593 534 3647 sunt
561 3589 847 3661 graviora,
882 3605 949 3644 ac
978 3588 1137 3645 omni
1173 3587 1529 3644 contumelia
1567 3587 2044 3644 intolerabiliora.

389 3678 533 3735 Cum
566 3677 723 3734 enim
755 3677 1050 3751 virginum
1083 3678 1456 3746 modestiam,
1491 3678 1843 3750 auriumque
1886 3677 2045 3750 puri-

387 3772 570 3825 tatem
600 3771 968 3840 perspectam
1001 3767 1306 3836 haberent,
1362 3767 1528 3840 gnari
1586 3767 1867 3823 libentius
1915 3766 2047 3822 illas

387 3856 634 3931 lapides,
658 3856 1026 3930 gladiosque,
1059 3873 1239 3929 quam
1269 3857 1519 3913 obscena
1565 3858 1742 3912 verba
1770 3856 2047 3929 perferre,

388 3946 532 4002 dum
562 3945 961 4018 irrumperent
991 3945 1134 4002 talia
1162 3945 1558 4016 proferebant,
1584 3945 1894 4017 Arianique
1925 3944 2047 4000 hac

389 4032 864 4090 adolescentibus
890 4034 1304 4107 suggerebant,
1338 4034 1556 4106 quippe
1586 4034 1686 4104 qui
1709 4034 1849 4089 talia
1869 4035 2046 4102 dicta,

388 4122 801 4195 ejusmodique
831 4122 1091 4179 facinora
1119 4126 1422 4178 cernentes
1452 4122 1768 4179 cachinnos
1791 4124 2048 4179 eﬂ‘unde-

389 4214 538 4272 rent,
566 4212 758 4269 Sacra
790 4229 963 4286 porro
990 4211 1273 4284 virgines,
1308 4210 1550 4284 aliaeque
1608 4212 1865 4269 honestae
1922 4229 2044 4268 ma-

386 4305 590 4370 tronae,
624 4302 696 4358 ab
753 4301 964 4358 iisdem
995 4301 1209 4369 verbis,
1269 4303 1435 4375 quasi
1468 4320 1502 4359 a
1559 4302 1856 4359 morsibus
1891 4303 2047 4376 aspi-

389 4391 531 4448 dum
561 4391 949 4464 refugiebant.
986 4392 1053 4447 At
1082 4390 1299 4448 Christi
1332 4392 1551 4459 hostes,
1585 4407 1754 4465 opem
1789 4392 2052 4447 ferebant

389 4479 881 4551 adolescentibus,
912 4481 1033 4538 imo
1065 4480 1216 4537 forte
1266 4498 1335 4538 ea
1372 4481 1503 4553 ipsa
1548 4498 1684 4537 cum
1732 4479 1849 4536 illis
1877 4480 2053 4536 verba

390 4571 796 4645 proferebant:
832 4571 1089 4627 obscena
1115 4570 1333 4643 quippe
1362 4571 1519 4627 dicta
1571 4569 1857 4643 voluptati
1902 4569 2050 4643 ipsis

390 4664 578 4716 erant.

460 4751 550 4805 56.
582 4750 734 4806 Hinc
764 4767 880 4824 quo
912 4767 1155 4823 prorsus
1214 4750 1560 4806 mandatum
1601 4754 2054 4821 exsequerentur

391 4838 523 4912 (hoc
544 4855 800 4911 namque
821 4839 939 4894 illis
962 4839 1123 4895 cordi
1145 4843 1288 4909 erat,
1319 4839 1429 4894 hoc
1450 4839 1590 4895 item
1631 4838 2056 4905 comes,Catho-

390 4927 659 5000 licusque
693 4928 1160 5002 praecipiebant),
1196 4927 1499 4998 subsellia,
1530 4929 1829 4991 thronum,
1889 4945 2055 4984 men-

400 5034 549 5084 sam,
584 5035 723 5073 nam
754 5017 952 5091 lignea
982 5024 1127 5087 erat,
1157 5018 1287 5074 vela
1316 5016 1573 5073 ecclesiae
1606 5035 1669 5073 ac
1701 5022 2056 5092 czeteraquaa

394 5111 636 5180 potuere
667 5107 898 5179 direpta
926 5112 983 5163 et
1015 5111 1332 5179 asportata,
1367 5112 1498 5163 ante
1520 5108 1738 5162 ostium
1761 5108 1819 5162 in
1841 5125 2056 5182 magna

396 5196 589 5270 platea
614 5197 1091 5263 combusserunt,
1113 5198 1370 5269 thusque
1393 5197 1720 5267 injecerunt
1742 5214 1801 5252 1n
1834 5198 2051 5269 ignem.

394 5284 557 5342 Heul
593 5287 693 5358 qui
726 5285 848 5341 haec
880 5287 1124 5342 audiens
1155 5286 1444 5358 lacrymas
1473 5303 1589 5342 non
1648 5287 1885 5352 fuderit,
1934 5288 2053 5343 imo

396 5391 568 5432 aures
598 5392 714 5431 non
774 5375 1082 5445 obturarit,
1141 5392 1212 5431 ne
1270 5375 1453 5431 alium
1511 5380 1845 5432 narrantem
1888 5376 2053 5446 ferat,

566 5555 759 5629 _F_0rte_
777 5551 1039 5629 ἐργατῶν,
1058 5554 1161 5629 _vel
1194 5552 1489 5629 έργαστῶν.
1524 5554 1681 5612 EDIT.

470 5625 581 5696 (10)
616 5625 702 5681 Ita
730 5625 870 5698 Reg}
925 5626 1073 5683 Editi
1119 5625 1278 5700 vero,
1334 5644 1663 5701 perperam,
1724 5627 1759 5695 ἢ
1790 5630 1887 5682 τοῦ
1918 5631 2053 5683 Θεοῦ

403 5691 532 5749 ὅπερ
567 5693 732 5749 δοκεῖ.

471 5714 949 5842 {fifgecnnegius
1004 5771 1062 5826 et
1112 5768 1465 5830 Basiliensis.
1498 5768 1673 5838 Editi,
1732 5770 1906 5843 male,
1952 5776 2051 5842 τῆς

2156 3409 2328 3464 αὐτῶν
2359 3408 2648 3484 ἐγύμνουν,
2694 3409 2785 3464 καὶ
2839 3406 3200 3471 ἀνθελκούτας
3251 3406 3534 3478 ἐλάκτιζον
3566 3413 3686 3470 τοῖς
3718 3428 3822 3463 πο-

2156 3498 2235 3553 σὶν
2280 3500 2332 3553 οἱ
2377 3496 2630 3553 δείλαιοι.
2684 3499 2842 3553 Δεινά
2892 3519 2985 3573 μεν
3038 3496 3128 3553 οὖν
3178 3502 3346 3554 ταῦτα
3391 3498 3482 3553 καὶ
3533 3496 3656 3552 λίαν
3708 3495 3824 3552 ἐστὶ

2158 3584 2305 3643 δεινά
2351 3605 2363 3618 ·
2419 3584 2565 3642 ἀλλά
2614 3589 2681 3642 τά
2730 3588 2865 3661 μετά
2918 3591 3086 3642 ταῦτα
3145 3584 3441 3665 δεινότερα,
3495 3587 3585 3642 καὶ
3639 3587 3824 3656 πάσης

2157 3671 2367 3753 ὕϐρεως
2398 3676 2773 3755 ἀφορητότερα
2824 3676 3068 3751 γέγονεν.
3121 3674 3345 3738 Είδότες
3394 3676 3498 3751 γὰρ
3528 3675 3591 3731 τὸ
3623 3676 3821 3750 σεμνὸν

2154 3771 2261 3821 τῶν
2293 3767 2594 3840 παρθένων,
2640 3767 2731 3821 καὶ
2776 3767 2839 3821 τὸ
2884 3773 2987 3836 τῆς
3038 3767 3208 3836 ἀκοῆς
3253 3764 3544 3842 ἄχραντον,
3593 3765 3684 3820 καὶ
3736 3763 3823 3820 ὅτι

2161 3854 2377 3931 μᾶλλον
2411 3854 2599 3918 λίθους
2630 3855 2720 3910 καὶ
2753 3855 2880 3933 ξίφη
2914 3856 2949 3925 ἢ
2994 3856 3061 3910 τὰ
3106 3863 3206 3925 τῆς
3262 3853 3826 3932 αἷηρορῥημοσύνης

2156 3948 2268 4020 (13)
2320 3946 2500 4024 φέρειν
2535 3942 2785 3999 δύνανται
2834 3944 3077 4020 ῥήματα,
3126 3942 3346 4007 τούτοις
3397 3943 3647 4022 ἐχρῶντο
3704 3945 3826 3999 κατ’

2156 4035 2333 4091 αὐτῶν
2382 4034 2786 4110 ἐπερχόμενοι·
2823 4034 3099 4104 Ἀρειανοὶ
3151 4030 3210 4087 δὲ
3255 4037 3425 4089 ταῦτα
3471 4038 3590 4095 τοῖς
3632 4032 3831 4088 νεωτέ-

2157 4144 2273 4197 ροις
2308 4118 2616 4178 ὑπέϐαλλον
2648 4145 2659 4157 ο
2688 4124 2779 4178 καὶ
2828 4124 2931 4198 γάρ
2984 4120 3190 4197 ἐγέλων
3241 4121 3450 4178 τούτων
3502 4120 3825 4198 λεγομένων

2153 4214 2245 4268 καὶ
2274 4213 2639 4289 γιγνομένων.
2674 4214 2774 4267 Καὶ
2807 4214 2861 4267 αἱ
2898 4212 2990 4285 μὲν
3027 4212 3177 4287 ἅγιαι
3206 4214 3476 4288 παρθένοι·
3512 4211 3605 4267 καὶ
3652 4209 3824 4268 ἄλλαι

2158 4302 2347 4375 σεμναὶ
2405 4308 2654 4378 γυναῖκες
2715 4302 2791 4364 ὡς
2846 4299 3086 4357 ἀσπίδων
3152 4299 3409 4378 δήγματα
3471 4302 3539 4357 τά
3594 4306 3827 4358 τοιαῦτα

2159 4392 2440 4471 φθέγματα
2488 4388 2714 4471 ἔφευγον
2750 4411 2762 4424 ’
2796 4393 2848 4447 οἱ
2908 4389 2966 4447 δὲ
3024 4393 3405 4468 Χριστομάχοι
3467 4393 3777 4467 συνήργουν
3805 4439 3821 4466 ,

2156 4482 2302 4557 τάχα
2332 4478 2390 4537 δὲ
2433 4483 2523 4537 καὶ
2579 4482 3002 4560 συνειρθέγγοντο
3048 4486 3165 4546 τοῖς
3210 4482 3501 4558 νεωτέροις
3527 4499 3540 4513 ·
3572 4482 3663 4537 καὶ
3712 4483 3822 4557 γὰρ

2157 4568 2356 4641 ἥδοντο
2394 4577 2511 4633 τοῖς
2560 4572 2686 4646 παρ’
2718 4570 2934 4626 ἐκείνων
2987 4566 3423 4645 ἐκϐαλλομένοις
3475 4572 3611 4647 μετά
3657 4568 3823 4627 ἀσελ-

2083 4684 2131 4749 D
2158 4660 2309 4738 γείας
2342 4661 2600 4738 μασιν.

2232 4754 2323 4809 56.
2352 4751 2501 4821 Εἶτα,
2536 4752 2612 4813 ὡς
2643 4751 2705 4805 τὸ
2727 4748 2855 4805 ὅλον
2887 4756 2989 4821 τῆς
3023 4748 3253 4821 ἐντολῆς
3300 4748 3646 4827 πληροῦντες
3676 4753 3828 4825 (τοῦ-

2161 4863 2223 4897 το
2255 4842 2358 4917 γάρ
2388 4841 2454 4910 ἧν
2488 4841 2550 4895 τὸ
2580 4838 3042 4914 σπουδαζόμενον,
3091 4845 3255 4896 τοῦτο
3301 4842 3392 4896 καὶ
3442 4840 3623 4915 κόμης
3669 4840 3762 4896 καὶ
3795 4843 3825 4898 ὁ

2162 4928 2461 4993 Καθολικὸς
2494 4928 2937 5006 παρήγγελλον),
2988 4931 3324 5005 ἁρπάσαντες
3372 4931 3440 4985 τὰ
3479 4927 3825 5005 σύμ-ψέλλια,

2161 5021 2251 5074 καὶ
2296 5020 2386 5075 τὸν
2439 5019 2651 5095 θρόνον,
2698 5018 2789 5074 καὶ
2836 5020 2934 5089 τὴν
2984 5020 3252 5095 τράπεζαν
3306 5017 3517 5094 (ξυλίνη
3569 5020 3674 5095 γὰρ
3704 5020 3826 5094 ἦν),

2160 5110 2343 5164 καὶτά
2378 5106 2525 5184 βῆλα
2552 5115 2653 5178 τῆς
2686 5105 3001 5180 ἐκκλησίας,
3052 5109 3120 5163 τά
3170 5128 3228 5162 τε
3280 5106 3446 5177 ἄλλα,
3498 5105 3826 5180 δσαήδυνή-

2162 5201 2350 5269 θησαν,
2403 5197 2789 5273 ἐξενέγκαντες,
2843 5193 3069 5253 ἔκαυσαν
3120 5194 3425 5273 ἔμπροσθεν
3480 5202 3577 5252 τοῦ
3625 5195 3828 5253 πυλῶ-

2162 5310 2253 5351 νος
2286 5289 2336 5343 ἐν
2363 5293 2431 5362 τῇ
2473 5286 2704 5360 πλατείᾳ
2730 5292 2799 5362 τῇ
2845 5284 3078 5363 μεγάλῃ,
3129 5287 3219 5342 καὶ
3269 5283 3494 5343 λίϐανον
3528 5282 3828 5347 ἐπέϐαλον.

2161 5379 2228 5433 Ὠ
2259 5379 2270 5434 !
2298 5377 2385 5441 ’τίς
2432 5364 2662 5440 ἀκούσας
2710 5375 2770 5431 οὗ
2821 5374 3120 5453 δακρύσειε,
3168 5377 3313 5454 τάχα
3360 5376 3451 5433 καὶ
3498 5378 3598 5446 τὴν
3647 5376 3830 5448 ἀκοὴν

2377 5633 2465 5706 ita
2495 5632 2641 5706 Reg,
2667 5630 2823 5687 Editi
2851 5647 3009 5706 vero,
3043 5630 3480 5706 ἀπομεινουσῶν.

2260 5634 2326 5687 12
2381 5633 2465 5689 Ita
2495 5632 2635 5705 Reg,
2667 5632 2823 5687 Editi
2851 5647 3009 5698 vero,
3043 5632 3480 5706 ἀπομεινουσῶν.

2234 5632 2350 5776 (13ί
2376 5703 2555 5779 1363.,
2590 5702 3134 5779 αἰσχρορημοσύνης.
3195 5704 3374 5779 Editi,
3436 5698 3837 5779 αίσχοῤῥημο-

2163 5772 2293 5846 σύνη
2305 5772 2349 5836 ς’.
2383 5772 2667 5834 Basilicus
2677 5772 2948 5856 ἀἶσχρη
2959 5772 3167 5851 μοσύνη
3178 5795 3222 5837 ς·
