4132 6372
319 459 436 521 ’161

1258 447 1629 511 HISTORIA
1673 442 2148 508 ARIANORUM
2197 443 2297 503 AD
2339 441 2789 505 MONACHOS.

3602 434 3724 499 ⁸762

321 585 730 656 κλείσειεν,⁹ίνα
764 580 902 658 μηδὲ
952 582 1135 658 ἑτέρου
1192 579 1450 654 λέγοντος
1500 578 1780 652 ἀνέχηται,
1839 572 1972 649 βλά-

2111 577 2250 628 ἰιιιιε
2305 574 2593 644 ejusmodi
2651 590 2844 630 rerum
2900 571 2989 628 vel
3049 568 3314 627 auditum
3365 571 3577 626 damno
3612 570 3727 625 sibi

325 675 426 749 ϐην
461 676 772 751 ἡγούμενος
815 673 903 728 καὶ
948 673 1009 726 τὸ
1049 671 1211 744 μόνον
1243 670 1464 723 ἀκοῦσαι
1494 689 1547 720 τι
1575 671 1817 720 τοιοῦτον
1855 683 1868 731 ;
1901 664 1975 717 Τά

321 789 381 823 τε
411 771 515 842 γὰρ
552 763 755 820 εἶ’δωλα
787 765 989 818 έαυτῶν
1033 761 1164 838 stipi
1180 781 1333 832 μουν,
1365 757 1453 811 καὶ
1500 755 1687 830 ἔλεγον
1724 773 1736 785 ·
1761 751 1971 822 Ἕλλην

325 841 519 932 γέγονε
550 854 946 918 Κωνστάντιος,
988 850 1077 904 καὶ
1125 851 1177 902 oi
1231 846 1496 920 ’Δρειανοὶ
1552 846 1619 898 τὰ
1671 847 1829 914 ἡμῶν
1886 841 1975 896 έπ-

327 931 564 1019 έγνῶσαν
602 961 614 973 °
651 941 712 996 ού
746 940 1090 1018 φροντίζουσι
1121 938 1224 1011 γὰρ
1272 933 1395 989 οὐδὲ
1433 931 1795 1004 Ἱίλληνισμὸν
1851 931 1976 984 ὑπο-

321 1034 626 1109 κρίνασθαι,
654 1029 943 1102 ’ίναμὸνον
977 1030 1011 1096 ἡ
1047 1025 1248 1100 α’ίρεσις
1300 1020 1400 1099 ἔχῃ
1441 1025 1538 1092 τὴν
1574 1021 1841 1075 σύστασιν.
1878 1020 1976 1072 Καὶ

325 1125 429 1198 γὰρ
465 1118 672 1198 βοίδιον
705 1117 1006 1173 ἐπαντλοῦν
1034 1115 1162 1176 τους
1204 1113 1613 1185 κηπευομένους
1647 1110 1695 1164 ἐν
1729 1115 1806 1180 τῷ
1852 1115 1976 1163 Και-

329 1209 528 1286 σαρείῳ
587 1211 700 1281 (14)
751 1207 952 1267 τόπους
1005 1202 1361 1279 ἐπεχείρησαν
1423 1203 1596 1269 θῦσαι,
1654 1198 1743 1254 καὶ
1793 1198 1974 1252 ἔθυσαν

330 1301 414 1370 ἂν,
451 1299 494 1353 εἰ
531 1299 605 1371 μὴ
639 1295 780 1366 θῆλυ
809 1300 968 1350 τοῦτο
1002 1296 1067 1362 ἦν
1104 1314 1116 1325 ’
1141 1294 1209 1346 τὰ
1254 1295 1476 1345 τοιαῦτα
1523 1291 1624 1364 γὰρ
1674 1287 1860 1362 ἔλεγον
1903 1289 1975 1360 μή

331 1389 524 1460 ἐξεῖναι
553 1387 680 1460 παρ’
712 1385 895 1446 αὐτοῖς
928 1383 1164 1438 θύεσθαι.

402 1480 490 1532 57.
541 1479 771 1530 Τοιαῦτα
822 1473 913 1545 μέν
969 1468 1058 1524 οὖν
1112 1471 1164 1524 oi
1215 1472 1324 1542 (15)
1367 1461 1640 1528 δυσσεϐεῖς
1691 1465 1979 1540 ’Δρειανοῂ

334 1565 651 1640 νομίζοντες
701 1563 776 1624 εἷς
810 1565 969 1635 ἡμῶν
1003 1555 1360 1635 ὕϐρινταῦτα
1412 1559 1646 1635 φθάνειν,
1701 1557 1832 1628 μετὰ
1874 1558 1979 1608 τῶν

332 1653 618 1724 Ἑλλήνων
652 1652 933 1726 ἔπραττον.
967 1649 1093 1704 Θεία
1139 1646 1195 1702 δὲ

330 1764 438 1798 των
471 1740 692 1816 ἤλεγξε,
725 1739 815 1794 καὶ
858 1737 1083 1812 σημεῖόν
1134 1758 1186 1791 τι
1236 1737 1374 1810 μέγα
1419 1755 1509 1788 και
1564 1733 1829 1807 ἐξαίρετον
1881 1732 1985 1806 εἷρ-

332 1833 558 1908 γάσατο,
610 1828 925 1884 δεικνύουσα
971 1827 1062 1881 καὶ
1115 1825 1203 1880 διὰ
1248 1824 1444 1880 τούτου
1502 1829 1631 1877 πᾶσι
1689 1826 1983 1898 φανερῶς,

1245 1645 1370 1715 δίκη
1413 1648 1513 1715 τήν
1546 1645 1808 1720 πονηρίαν
1858 1643 1982 1697 τού-

2083 663 2203 717 fore
2223 662 2250 716 ‘2
2280 663 2420 716 Nam
2454 662 2663 720 ethnici
2700 662 2857 716 idola
2887 679 2995 717 sua
3021 660 3296 715 laudibus
3336 659 3725 731 celebrabant,

2085 751 2507 821 dicebantque:
2571 750 2814 806 Gentilis
2889 750 3292 806 Constantius
3326 749 3589 804 elfectus'
3618 753 3729 814 est,

2084 839 2399 910 Arianique
2432 846 2627 894 nostra
2660 840 3018 911 approbant:
3053 838 3199 892 nihil
3232 842 3440 893 curant
3465 837 3621 892 enim
3640 837 3730 892 vel

2088 945 2214 984 sese
2245 928 2506 982 ethnicos
2539 927 2838 995 simulare,
2870 928 3190 983 dummodo
3213 944 3320 982 sua
3345 927 3585 982 haeresis
3615 931 3733 983 sta-

2090 1016 2349 1072 biliatur.
2375 1016 2676 1071 Enimvero
2697 1017 2994 1084 buculam,
3021 1034 3144 1089 quas
3169 1017 3371 1072 hortos
3396 1017 3455 1071 in
3478 1021 3734 1072 Cassareo

2090 1107 2232 1161 sitos
2253 1105 2551 1177 irrigabat,
2583 1105 2883 1161 immolare
2915 1111 3052 1160 sunt
3083 1107 3344 1179 aggressi
3377 1107 3529 1162 299
3561 1111 3736 1177 atque

2089 1194 2518 1260 immolassent,
2551 1195 2661 1249 nisi
2715 1196 2929 1250 femina
2959 1213 3025 1251 ea
3054 1195 3280 1264 fuisset,
3339 1212 3486 1268 quas
3514 1194 3736 1251 sacrifi-

2089 1301 2221 1340 care
2253 1285 2364 1339 sibi
2397 1285 2559 1339 nefas
2592 1300 2720 1339 esse
2750 1285 3001 1339 aiebant.

2161 1465 2248 1519 57.
2286 1463 2590 1534 Ejusmodi
2624 1462 2882 1518 facinora
2904 1462 3067 1534 impii
3099 1464 3296 1519 Ariani
3326 1479 3459 1520 cum
3490 1463 3741 1521 ethnicis

2095 1553 2403 1618 admisere,
2440 1552 2548 1606 rati
2573 1569 2638 1607 ea
2672 1552 2728 1605 in
2764 1557 3025 1607 nostram
3055 1556 3275 1608 vertere
3300 1553 3738 1610 contumeliam.

2094 1645 2164 1698 At
2194 1641 2388 1697 divina
2419 1641 2563 1696 ultio
2596 1657 2799 1697 eorum
2833 1641 3097 1713 coarguit
3128 1642 3598 1714 improbitatem,’
3620 1659 3744 1699 ma-

2097 1745 2397 1804 gnumque
2427 1747 2493 1784 ac
2522 1730 3041 1802 praeclarissimum
3100 1731 3337 1802 signum
3392 1732 3592 1799 edidit,
3628 1749 3743 1804 quo

2097 1819 2288 1892 palam
2351 1819 2487 1875 fecit
2539 1819 2837 1887 omnibus,
2895 1837 2994 1874 eos
3052 1824 3117 1875 ut
3163 1819 3465 1892 impietate
3497 1838 3605 1877 sua
3632 1839 3746 1878 non

335 1920 439 1991 ὅτι,
475 1919 655 1994 ὥσπερ
709 1912 1046 1986 ἀσεϐοῦντες,
1098 1914 1200 1968 οὐκ
1252 1914 1326 1976 εἷς
1370 1911 1561 1981 ἄλλον,
1615 1910 1739 1965 ἀλλ’
1791 1911 1864 1973 εἷς
1895 1911 1984 1965 τὸν

2111 1909 2280 1964 ilium
2323 1925 2498 1979 quam
2557 1908 2874 1963 Dominum
2936 1915 3299 1981 oppugnant,
3360 1911 3445 1966 sic
3466 1911 3591 1982 jam
3625 1912 3748 1969 suis

334 2009 530 2086 Κύριον
561 2007 843 2080 τολμῶσιν
884 2026 896 2039 ’
935 2004 1098 2075 οὕτω,
1144 2008 1310 2058 ταῦτα
1357 2007 1660 2068 ποιοῦντες,
1698 2000 1772 2062 είς
1824 2000 1986 2054 αὖτοῦ

335 2097 499 2153 πάλιν
551 2093 704 2172 ὕϐριν
740 2095 1101 2171 ἐπεχείρησαν
1151 2093 1345 2166 πρᾶξαι
1381 2110 1393 2122 ·
1428 2091 1516 2144 καὶ
1558 2095 1718 2143 τοῦτο
1772 2087 1984 2161 μᾶλλον

340 2185 400 2241 ἐκ
445 2191 543 2241 τοῦ
601 2185 898 2260 γενομένου
949 2182 1224 2255 θαύματος
1272 2180 1641 2259 φανερωτέραν
1693 2177 1820 2254 ἔσχε
1876 2180 1988 2250 (16)

337 2277 436 2345 τὴν
489 2271 782 2343 ἀπόδειξιν.
826 2277 943 2326 Τῶν
979 2272 1224 2344 ἀσελγῶν
1277 2271 1379 2344 γὰρ
1427 2290 1510 2330 τις
1560 2270 1822 2339 νεώτερος
1878 2268 1991 2321 εἶ’σ-

342 2361 586 2439 δραμὼν,
647 2363 737 2416 καὶ
794 2359 1085 2433 τολμήσας
1147 2358 1423 2412 ἐπεκάθισε
1616 2356 1830 2432 θρόνῳ.
1895 2356 1990 2409 Καὶ

340 2452 560 2513 καθίσας
637 2448 725 2504 διὰ
782 2454 887 2504 τῶν
952 2448 1111 2524 ῥινῶν
1171 2468 1223 2500 τι
1298 2446 1551 2520 πορνικὸν
1623 2447 1906 2520 ἀπήχησεν
1964 2446 1992 2498 ὁ

345 2538 533 2602 ἄθλιος
568 2560 578 2571 ·
633 2539 746 2593 εἶτα
797 2538 1025 2598 ἀναστὰς
1078 2531 1320 2604 ἐϐιάζετο
1366 2536 1456 2588 τὸν
1503 2534 1691 2607 θρόνον
1746 2536 1990 2604 ἀποσπᾷν

343 2629 432 2684 καὶ
486 2629 620 2703 πρὸς
677 2628 860 2682 ἑαυτὸν
910 2623 1087 2680 ἕλκειν
1125 2643 1136 2656 ⁸
1170 2625 1357 2700 ἠγνόει
1413 2621 1470 2677 δὲ
1515 2625 1628 2677 καθ’
1674 2624 1864 2677 ἑαυτοῦ
1893 2625 1990 2692 τὴν

346 2716 500 2787 δίκην
553 2716 965 2789 ἐπισπώμενος.
1017 2720 1101 2776 Ὡς
1151 2714 1254 2788 γὰρ
1306 2714 1356 2766 οἱ
1414 2712 1537 2766 τότε
1590 2714 1688 2781 τήν
1751 2715 1992 2780 ’Ἄζωτον

342 2811 742 2875 κατοικοῦντες,
792 2803 1170 2877 τολμήσαντες
1220 2803 1450 2875 ἅψασθαι
1496 2808 1596 2870 τῆς
1647 2796 1915 2870 Kasta-.03,

345 2895 440 2952 κᾶν
473 2899 587 2970 (17)
619 2890 962 2970 προσϐλέψαι
1013 2894 1167 2965 θέμις
1222 2893 1320 2946 οὐκ
1370 2893 1435 2960 ἦν
1493 2890 1695 2962 αὐτοῖς,
1746 2893 1872 2968 παρ’
1903 2891 1996 2945 αύ-

347 2993 446 3055 τῆς
482 2984 636 3046 εὐθὺς
681 2981 1028 3053 ἀπώλλυντο,
1081 2981 1340 3055 πρότερον
1396 2979 1831 3058 διαφθειρόμενοι
1879 2985 1999 3042 ταῖς

353 3074 610 3149 βασάνοις
639 3073 733 3134 τὰς
764 3069 923 3148 ἕδρας
959 3090 970 3102 ·
1008 3069 1180 3132 οὕτως
1225 3070 1314 3124 καὶ
1349 3071 1505 3130 οὗτος
1539 3071 1565 3122 6
1598 3067 1785 3131 ἄθλιος
1835 3070 1998 3142 μόνον

351 3161 653 3236 ἐτόλμησεν
712 3159 916 3229 ἕλκειν,
963 3162 1051 3215 καὶ
1100 3158 1230 3234 ὅπερ
1289 3157 1485 3229 εἷλκεν,
1535 3158 1611 3220 εἷς
1665 3160 1848 3213 ἑαυτὸν
1910 3159 2000 3213 ἐπ-

351 3254 638 3323 εσπάσατο,
666 3253 756 3306 καὶ
804 3251 879 3312 ὡς
941 3248 1383 3322 ἀντιπεμπούσης
1431 3255 1531 3316 τῆς
1592 3246 1749 3318 δίκης
1800 3250 1860 3302 τὸ
1918 3248 2000 3318 ξύ-

2097 1998 2478 2061 facinoribus,
2507 1997 2618 2069 ipsi
2646 1997 2892 2053 Domino
2923 1999 3309 2069 ignominiam
3357 1999 3590 2056 inurere
3619 2006 3747 2056 ten-

2099 2091 2294 2154 tasse;
2347 2102 2474 2157 qure
2525 2102 2615 2141 res
2667 2103 2735 2141 ex
2785 2087 3068 2143 miraculo
3118 2092 3243 2143 tum
3276 2090 3432 2146 edito
3463 2090 3750 2162 liquidius

2100 2178 2610 2230 commonstratur.
2647 2175 2794 2230 Nam
2819 2175 3057 2244 juvonis
3088 2177 3328 2248 quidam
3367 2195 3436 2234 ex
3483 2179 3746 2251 petulan-

2103 2266 2368 2330 tioribus,
2395 2265 2622 2318 irruens
2647 2280 2826 2318 ausus
2850 2269 2937 2320 est
2961 2265 3018 2319 in
3041 2265 3250 2322 throno
3269 2268 3489 2323 sedere.
3512 2270 3755 2326 Sedens-

2103 2371 2213 2424 que
2246 2353 2526 2408 scelestus
2560 2341 2951 2408 meretricium
2998 2356 3294 2425 quoddam
3346 2358 3592 2414 naribus
3623 2377 3752 2431 per-

2103 2445 2365 2499 sonabat.
2402 2443 2540 2497 Inde
2571 2459 2705 2497 cum
2730 2443 3098 2512 surrexisset,
3131 2445 3408 2502 thronum
3432 2449 3754 2507 convellere

2104 2533 2175 2589 ad
2207 2548 2382 2603 seque
2413 2531 2641 2587 trahere
2674 2537 3058 2606 conatusest,
3091 2535 3369 2606 ignorans
3411 2555 3473 2594 se
3518 2538 3633 2594 sibi
3665 2541 3754 2595 di-

2105 2623 2300 2676 vinam
2333 2621 2625 2676 attrahere
2655 2621 2994 2677 vindictam.
3055 2627 3563 2688 Quemadmodum
3596 2630 3754 2686 enim

2105 2711 2261 2766 Azoti
2293 2711 2588 2782 quondam
2622 2710 2841 2780 incolm,
2875 2713 3080 2766 Arcam
3124 2718 3360 2786 tangere
3391 2717 3540 2784 ausi,
3572 2736 3751 2790 quam

2107 2817 2180 2854 ne
2211 2799 2432 2854 obtueri
2465 2799 2702 2870 quidem
2733 2799 2842 2854 sibi
2905 2799 3132 2870 licebat,
3187 2805 3258 2859 ab
3322 2804 3423 2860 illa
3457 2808 3756 2880 continuo,

2109 2889 2273 2960 prius
2302 2891 2496 2943 tamen
2525 2905 2773 2944 anorum
2808 2891 3167 2948 cruciatibus
3203 2895 3474 2965 confecti,
3509 2897 3758 2968 perime-

2110 2979 2326 3034 bantur
2355 2979 2396 3012 ³⁸
2423 2996 2434 3045 ;
2471 2979 2552 3032 ita
2573 2981 2630 3031 et
2658 2977 2755 3032 ille
2787 2979 2986 3048 miser,
3044 2981 3326 3038 thronum
3380 2985 3626 3042 avellere
3657 3006 3762 3044 au-

2111 3085 2233 3132 sus,
2269 3067 2420 3138 quod
2457 3061 2754 3138 pertraxit,
2789 3069 2847 3122 in
2890 3085 3058 3124 suam
3107 3073 3283 3127 traxit
3331 3076 3668 3150 perniciem,
3702 3083 3760 3134 et

2110 3157 2278 3227 quasi
2339 3156 2464 3225 ipsa
2497 3155 2694 3210 divina
2758 3155 2901 3212 ultio
2961 3157 3186 3229 lignum
3258 3160 3604 3221 immitteret
3661 3167 3762 3226 illo

2114 3245 2312 3300 avulso
2342 3250 2601 3300 ventrem
2634 3261 2807 3300 suum
2840 3248 3166 3316 percussit:
3229 3256 3286 3304 et
3319 3268 3452 3308 cum
3478 3254 3759 3316 thronum

353 3339 474 3409 λον,
509 3341 560 3396 ἐν
595 3341 739 3412 αὐτῷ
767 3342 865 3409 τήν
893 3338 1039 3394 ’ἰδίαν
1075 3337 1286 3392 κοιλίαν
1340 3333 1540 3407 ἔπληξε
1577 3357 1588 3368 ·
1620 3339 1709 3391 καὶ
1760 3338 1874 3391 ἀντὶ
1905 3342 1996 3393 τοῦ

2119 3333 2360 3389 avellere
2391 3338 2636 3404 optaret,
2668 3334 2785 3388 ictu
2817 3351 2926 3389 sua
2955 3337 3080 3407 ipse
3111 3337 3390 3398 intestina
3436 3345 3590 3402 foras
3620 3351 3766 3405 emi-

357 3429 550 3504 θρόνου
605 3433 674 3504 τῇ
734 3427 930 3504 πληγῇ
980 3429 1047 3482 τὰ
1105 3425 1217 3481 ἴδια
1275 3426 1551 3501 ἐξήνεγκεν
1611 3425 1794 3500 ἔντερα
1843 3445 1854 3458 ·
1917 3427 2008 3482 καὶ

363 3517 575 3591 μᾶλλον
638 3520 665 3572 6
716 3518 906 3593 θρόνος
959 3516 1163 3572 ἐκείνου
1213 3517 1273 3570 τὸ
1327 3520 1420 3589 ζῇν
1474 3517 1795 3585 ἀπέσπασεν,
1844 3516 1878 3585 ἢ
1914 3516 2008 3571 αύ-

358 3608 451 3670 τὸς
484 3609 596 3680 (18)
628 3608 937 3676 ἀπεσπάσθη
992 3611 1115 3677 παρ’
1168 3603 1390 3659 ἐκείνου.
1445 3603 1700 3678 Ἐξεχύθη
1750 3609 1900 3678 γοῦν,
1935 3605 2010 3667 ὡς

359 3697 660 3772 γέγραπται
718 3696 853 3750 κατὰ
905 3695 996 3749 τὸν
1052 3691 1278 3764 Ἰούδαν,
1330 3698 1447 3754 τοῖς
1499 3690 1868 3766 σπλάγχνοις,
1920 3694 2009 3748 καὶ

359 3806 494 3840 κατα
540 3785 709 3839 τεσὼν
763 3779 1094 3859 ἐϐαστάχθη,
1140 3783 1231 3836 καὶ
1285 3783 1417 3853 μετά
1472 3781 1594 3855 μίαν
1647 3783 1856 3855 ἡμέραν
1910 3784 2009 3837 ἀπ-

359 3871 554 3930 ώλετο.
589 3874 689 3929 Καὶ
719 3870 902 3947 ἕτερος
932 3870 991 3927 δὲ
1027 3872 1158 3944 μετὰ
1207 3869 1424 3924 θαλλῶν
1484 3868 1758 3943 εἰσελθὼν,
1809 3872 1897 3927 καὶ
1934 3873 2008 3934 ὡς

354 3959 570 4032 Ἕλλην
628 3965 790 4015 κινῶν
844 3960 976 4015 αύτά
1022 3964 1091 4033 τῇ
1147 3959 1294 4036 χειρὶ
1342 3959 1432 4014 καὶ
1483 3957 1804 4035 χλευάζων,
1858 3960 2009 4023 εὐθὺς

353 4049 653 4120 ἐσκοτώθη,
685 4050 776 4104 καὶ
810 4049 908 4104 οὐκ
956 4045 1203 4119 ἔϐλεπεν,
1259 4046 1382 4103 οὐδέ
1434 4047 1721 4124 ἐγίνωσκεν
1778 4049 1853 4104 ἔτι
1900 4053 2010 4124 (19)

356 4138 548 4194 λοιπὸν
609 4139 734 4194 ὅποι
791 4147 896 4214 γῆς
949 4138 1212 4215 ἐτύγχανε
1246 4156 1257 4168 ·
1320 4135 1540 4210 μέλλων
1599 4159 1658 4192 τε
1709 4140 1798 4193 καὶ
1853 4139 2010 4204 αὐτὸς

354 4228 730 4298 καταπίπτειν,
782 4228 1304 4304 χειραγωγούμενος
1366 4227 1468 4281 ὑπὸ
1524 4233 1631 4282 τῶν
1693 4229 2009 4304 συνόντων,

353 4318 443 4372 καὶ
474 4313 983 4390 ὑποϐασταζόμενος
1017 4317 1279 4393 ἐξήρχετο
1319 4316 1480 4378 αὐτὸς
1515 4320 1650 4390 (20),
1707 4318 1869 4394 μόγις
1903 4321 2015 4393 μεθ’

353 4409 562 4482 ἡμέραν
621 4405 910 4480 διανήψας,
961 4406 1051 4461 καὶ
1103 4406 1164 4460 ού
1213 4406 1496 4480 γινώσκων
1533 4402 1656 4460 οὔτε
1695 4408 1748 4461 τί
1779 4409 2012 4480 πεποίη-

354 4516 468 4566 κεν,
501 4495 624 4552 ο³ύτε
651 4495 705 4552 τί
735 4497 996 4552 πέπονθεν
1024 4497 1052 4551 ὁ
1077 4494 1384 4569 τολμηρός.

429 4587 520 4643 58.
561 4589 731 4644 Ταῦτα
789 4583 1107 4662 βλέποντες,
1154 4581 1429 4653 Ἕλληνες
1483 4583 1576 4656 μὲν
1634 4580 2011 4662 ἐφοϐήθησαν,

2119 3424 2230 3480 sit:
2267 3424 2573 3493 magisque
2604 3424 2850 3478 thronus
2881 3425 3061 3481 vitam
3103 3427 3187 3482 illi
3220 3431 3450 3500 avulsit,
3484 3453 3661 3508 quam
3694 3442 3767 3498 ab

2120 3513 2219 3568 illo
2252 3511 2491 3567 avulsus
2546 3511 2639 3566 sit.
2703 3512 2898 3568 Eli'usa
2955 3520 3096 3572 sunt
3149 3517 3346 3589 igitur,
3399 3524 3482 3580 uti
3515 3528 3585 3582 de
3615 3529 3768 3587 Juda

2120 3602 2401 3673 scriptum
2434 3605 2522 3656 est
2551 3603 2614 3665 9°,
2657 3601 2878 3657 viscera
2925 3604 3072 3673 ejus,
3124 3606 3535 3685 collapsusque
3566 3633 3766 3690 aspor-

2121 3696 2276 3746 tatus
2309 3695 2416 3755 est,
2449 3696 2504 3744 et
2543 3694 2674 3762 post
2726 3708 2906 3747 unam
2966 3694 3120 3750 diem
3179 3696 3422 3756 interiit.
3461 3708 3767 3777 Ingressus

2120 3781 2258 3836 item
2290 3779 2440 3835 alius
2472 3779 2570 3851 qui
2604 3779 2815 3835 thallos
2846 3783 3132 3853 gestabat,
3166 3802 3322 3855 cum,
3357 3795 3556 3864 utpote
3577 3797 3769 3853 ethni-

2122 3887 2246 3937 cus,
2281 3886 2455 3924 manu
2491 3868 2621 3923 illos
2671 3870 2933 3941 agitaret,
2993 3875 3400 3949 cathnnosque
3452 3885 3768 3954 profunde-

2122 3964 2228 4027 ret,
2261 3960 2570 4030 derepente
2597 3960 2852 4014 tenebrls
2886 3961 3130 4031 offusus,
3177 3965 3322 4021 nihil
3374 3969 3630 4044 videbat,
3665 3994 3769 4033 nec

2121 4048 2275 4103 ultra
2329 4048 2548 4102 sciebat
2607 4048 2704 4102 ubi
2763 4053 3054 4105 terrarum
3113 4059 3313 4112 esset:
3375 4061 3472 4130 qui
3515 4063 3768 4136 jamjam

2121 4136 2511 4208 collapsurus,
2545 4153 2577 4191 a
2607 4137 3034 4209 comitibusque
3090 4143 3214 4198 suis
3273 4163 3450 4204 manu
3482 4153 3773 4212 adductus

2122 4243 2188 4282 ac
2246 4230 2611 4282 sustentatus
2667 4225 2876 4282 exivit:
2933 4230 3142 4302 vixque
3212 4238 3494 4305 postridie
3553 4245 3773 4302 mentis

2123 4332 2359 4387 compos
2389 4316 2629 4371 effectus
2685 4320 2791 4385 est,
2856 4317 3132 4375 facinoris
3184 4323 3348 4394 juxta
3379 4344 3444 4382 ac
3473 4345 3646 4388 casus
3678 4334 3772 4390 sui

2121 4407 2432 4461 immemor
2474 4406 2792 4462 sceleratus
2827 4405 2944 4463 ille.

2194 4587 2283 4640 58.
2317 4585 2418 4640 His
2449 4585 2796 4657 conspectis,
2833 4585 3050 4643 ethnici
3085 4593 3375 4661 perterriti
3407 4602 3567 4667 sunt,
3602 4600 3774 4657 nihil-

355 4676 444 4730 καὶ
472 4672 626 4730 οὐδὲν
659 4676 827 4730 πλέον
864 4673 1174 4748 ἐτόλμησαν
1211 4696 1222 4707 ο
1255 4673 1527 4746 Ἀρειανοὶ
1575 4671 1631 4728 δὲ
1663 4673 1786 4729 οὐδὲ
1836 4677 1996 4731 οὕτως

2122 4691 2235 4746 que
2266 4675 2418 4730 ultra
2451 4691 2618 4746 agere
2647 4679 2785 4729 sunt
2808 4676 2934 4731 ausi
2959 4696 2977 4732 :
3036 4680 3283 4737 Arianos
3314 4688 3510 4742 autem
3544 4705 3615 4744 ne
3644 4695 3772 4748 tum

356 4764 729 4841 ᾐσχύνθησαν,
765 4763 890 4819 ἀλλ’
921 4766 996 4827 ὡς
1030 4762 1283 4819 Ἰουδαῖοι
1316 4767 1518 4835 σημεῖα
1560 4761 1880 4836 Βλέποντες,
1913 4766 2011 4821 οὐκ

357 4853 636 4908 ἐπίστευον
697 4855 749 4908 oi
803 4854 1020 4908 ἄπιστοι
1081 4873 1092 4884 ·
1157 4852 1366 4926 μᾶλλον
1443 4854 1546 4928 γὰρ
1611 4852 2009 4927 ἐσκληρύνοντο

355 4943 490 4998 κατὰ
545 4945 636 4998 τὸν
700 4945 936 5020 Φαραὼ,
997 4945 1093 5005 τάς
1150 4940 1377 5003 ἐλπίδας
1435 4940 1656 5017 ἔχοντες

426 5052 470 5086 ³⁸
504 5055 518 5103 Ι
552 5052 690 5124 Reg.
726 5070 777 5123 ν,
810 5054 862 5108 6.
900 5054 943 5086 ²⁹
975 5056 1100 5107 Act.
1143 5070 1181 5122 1,
1219 5052 1303 5105 l8.

425 5138 538 5212 (14)
563 5139 1074 5217 -ΞρξζηΚαισαρείῳ,
1135 5140 1286 5198 Edili
1337 5156 1490 5208 vero,
1553 5139 1844 5212 Καισαρίῳ.
1881 5143 2012 5198 Mox

357 5211 525 5282 Reg”
560 5211 824 5268 ἐπιοῦσαι.

354 5276 540 5409 νο(15)
575 5285 659 5340 Ita
691 5286 831 5358 Reg.
867 5285 1014 5340 Editi
1049 5285 1219 5354 male,
1255 5283 1306 5338 oi
1339 5280 1396 5336 δὲ
1429 5276 1671 5344 ἀσεϐείας
1705 5284 1757 5336 oi
1797 5284 2004 5358 Ἀρεια-

1157 4851 1263 4926 μᾶλ
1273 4851 1303 4906 λ
1313 4874 1366 4906 ον

1707 4943 1796 4996 καὶ
1857 4943 2008 4998 αὐτοὶ

428 5427 538 5498 (16)
574 5429 659 5502 Ita
687 5427 837 5502 Reg,
860 5428 1008 5482 Editi
1039 5445 1193 5502 vero,
1228 5431 1366 5502 ἔχει.
1397 5427 1571 5502 Infra.
1607 5422 1694 5478 διὰ
1710 5425 2006 5502 τῶνρινῶν

354 5517 407 5572 τι
437 5497 694 5572 πορνικὸν
721 5497 1015 5572 ,ἀπ-ἤχησεν
1050 5499 1077 5552 ὁ
1111 5497 1320 5565 ἄθλιός,
1345 5504 1453 5555 etc.
1479 5497 1745 5554 Clemens
1768 5497 2012 5556 Alexan-

358 5561 566 5626 drinus
597 5561 922 5642 Ρᾶξίίαθόρἶ
948 5572 1049 5627 lib.
1088 5591 1171 5638 ιιι,
1207 5561 1333 5643 cap.
1366 5572 1614 5643 Hypag.
1659 5571 1791 5643 Δ230,
1828 5573 1896 5625 de
1929 5573 2006 5626 ci-

357 5643 547 5714 nadis
580 5641 933 5714 quibusdam
965 5650 1021 5698 et
1059 5641 1605 5714 irntempcrantibus,
1658 5641 1778 5714 haec
1810 5643 2004 5709 habet,

361 5710 614 5788 μοιχείας
649 5710 922 5788 διάκονοι,
973 5710 1318 5788 κιχλίζονξες
1366 5711 1456 5766 καὶ
1487 5711 1895 5788 Δψιθυρίζοντες,
1917 5715 2006 5768 καὶ

355 5779 419 5867 τὸ
443 5779 699 5868 πορνικὸν
734 5779 961 5861 ἀναίδην
1021 5779 1098 5854 sic;
1147 5779 1431 5867 ἀσέλγειαν
1484 5779 1572 5841 διὰ
1631 5779 1794 5863 βινῶν
1822 5779 2009 5865 ἐπιφο-

2122 4764 2357 4835 quidem
2389 4769 2686 4835 gestorum
2717 4765 2963 4836 puduit;
2999 4769 3120 4838 sed,
3150 4774 3650 4840 quemadmodum
3670 4778 3773 4836 Ju-

2121 4854 2249 4920 daei,
2284 4871 2417 4908 cum
2458 4854 2628 4925 signa
2680 4854 2962 4923 viderent,
3014 4873 3127 4912 non
3178 4861 3494 4919 credebant
3549 4870 3771 4939 tamen,

2121 4943 2264 4997 adeo
2298 4943 2581 4998 increduli
2614 4948 2812 5010 erant;
2848 4943 2964 4999 imo
2997 4946 3190 5018 potius
3222 4949 3409 5006 instar
3447 4953 3772 5014 Pharaonis

2123 5144 2366 5224 φῶν-τες,
2455 5136 2859 5224 ᾖπικιναίδισμα
2915 5159 2951 5224 1‘
3012 5144 3278 5202 adulterii
3352 5151 3616 5219 ministri,
3676 5156 3772 5224 qui

2122 5213 2320 5291 lascive
2351 5214 2644 5291 cachinnos
2672 5213 2978 5283 c/fundmzt,
3013 5224 3411 5290 susurrantque
3440 5227 3493 5277 et:
3520 5213 3764 5291 Ιονήἱὲα-

2119 5287 2272 5359 νίςιιτη
2300 5301 2368 5359 ac
2414 5284 2723 5359 cz'ncdz'cum
2811 5303 3009 5340 sonum
3060 5306 3159 5359 per
3188 5284 3350 5345 nares
3378 5294 3447 5348 ad
3475 5284 3770 5352 lasciviam

2120 5357 2305 5438 edunt.
2340 5357 2462 5438 Quo
2494 5355 3410 5438 signifieatupjuvenemillum,
3434 5382 3593 5421 more
3615 5370 3768 5438 jam-

2121 5429 2218 5484 diu
2252 5427 2410 5512 apud
2438 5426 2767 5512 impudicos
2799 5429 3116 5501 obtinente,
3150 5426 3440 5504 ejusmodi
3471 5426 3644 5496 sonos
3666 5456 3770 5512 per

2119 5516 2290 5556 nares
2322 5498 2595 5552 edidisse.

2191 5572 2301 5641 (17)
2332 5569 2421 5644 gic
2452 5569 2588 5644 Reg,
2625 5574 2681 5644 et
2711 5569 2885 5644 Basil.
2922 5573 3096 5644 Editi,
3129 5577 3194 5644 ἣν
3227 5576 3344 5634 κᾶν·

2219 5644 2300 5707 18)
2336 5641 2550 5710 Regius
2581 5640 2777 5705 codex,
2814 5639 2888 5701 εἰς
2921 5642 3102 5702 αὐτόν,

2217 5715 2302 5783 19)
2336 5714 2417 5766 lta
2447 5712 2625 5786 Reg._:
2659 5710 2717 5786 in
2744 5711 2940 5786 editis,
2973 5716 3051 5770 ἐτι
3083 5719 3291 5782 deest.

2209 5778 2300 5855 20)
2329 5787 2493 5855 Reg,
2525 5778 2615 5838 καὶ
2656 5778 2835 5846 αὐτός.
