4132 6380
410 412 531 474 763

954 415 1020 476 S.
1065 412 1494 476 ATHANASII
1538 415 1712 477 OPP.
1759 415 1959 478 PARS
2004 415 2052 478 Ι.
2089 447 2167 464 -ι
2197 417 2618 484 HISTORICA
2659 419 2761 482 ET
2805 419 3295 485 DOGMATICA.

3710 426 3840 486 ’164

389 543 1042 619 indurabanturzspem
1074 547 1293 619 quippe
1325 564 1494 603 suam
1524 547 1584 602 in
1617 549 1847 604 inﬁmis
1887 549 2029 604 sita:

2140 549 2311 617 ικαὶτω
2361 570 2465 603 που
2518 551 2770 624 κειμένας
2827 551 2879 607 ἐν
2933 556 3014 624 τῷ
3063 552 3279 627 βασιλεῖ
3323 555 3414 608 καὶ
3464 552 3514 610 ἐν
3567 558 3687 617 τοῖς
3739 552 3832 610 εὖ·

392 634 713 702 habebant,
775 636 834 691 in
892 636 1243 709 imperatore
1302 637 1524 692 scilicet
1555 641 1612 693 et
1665 638 1727 693 in
1772 638 2061 694 eunuchis

391 724 544 794 ejus.
579 724 858 780 Ethnicos
893 725 1093 798 igitur,
1129 727 1244 782 imo
1276 728 1470 798 potius
1503 727 1873 783 ethnicorum
1899 732 2060 800 petu-

390 812 777 884 lantissimos,
811 831 992 886 supra
1023 815 1178 870 dicta
1227 816 1487 872 facinora
1536 821 1870 888 perpetrare
1902 819 2056 873 sine-

388 901 551 957 bant.
581 903 788 958 Aderat
810 904 1026 975 quippe
1048 903 1165 959 illis
1197 903 1255 958 in
1279 904 1371 959 his
1402 905 1646 976 agendis
1694 906 1902 962 histrio
1925 907 2054 977 qui-

391 991 526 1046 dam
551 992 651 1063 qui
674 991 937 1047 ethnicos
959 992 1309 1061 concitabat,
1333 993 1671 1060 Faustinus,
1705 995 1806 1065 qui
1839 995 2052 1050 Catho-

387 1078 538 1136 licus
591 1080 916 1150 dicebatur,
978 1082 1241 1137 moribus
1291 1087 1489 1137 tamen
1550 1083 2051 1139 circumforaneus

385 1173 442 1224 et
470 1169 668 1225 animo
693 1171 1001 1242 petulanti.
1026 1171 1228 1226 Ariani
1250 1188 1383 1227 vero
1407 1188 1510 1243 per
1535 1189 1596 1227 se
1619 1171 1732 1244 ipsi
1755 1172 2049 1242 ejusmodi

388 1274 482 1313 res
515 1259 780 1330 aggressi
813 1264 974 1328 sunt,
1010 1263 1075 1314 ut
1105 1261 1260 1315 sicut
1303 1277 1472 1315 suam
1519 1260 1787 1316 haeresim
1819 1278 1885 1317 ex
1917 1261 2047 1316 aliis

386 1346 715 1402 haeresibus
745 1354 1173 1419 expresserant,
1241 1348 1326 1404 sic
1382 1350 1586 1420 etjam
1634 1350 1856 1405 nefaria
1884 1355 2049 1422 gesta

388 1452 522 1492 cum
556 1436 1050 1508 petulantioribus
1081 1437 1425 1493 dividerent.
1477 1438 1697 1493 Caatera
1727 1438 1930 1510 igitur,
1962 1439 2047 1495 uti

384 1543 565 1598 supra
594 1525 735 1594 dixi,
775 1526 1014 1582 illorum
1064 1543 1240 1598 opera
1284 1531 1692 1598 perpetrarunt
1717 1545 1730 1582 :
1757 1545 1884 1600 quae
1910 1544 2043 1585 vero

381 1614 494 1686 ipsi
516 1615 779 1670 facinora
800 1633 904 1686 per
923 1632 985 1671 se
1012 1615 1322 1681 admisere,
1377 1615 1477 1687 qui
1528 1633 1643 1671 non
1693 1634 1925 1673 omnem
1949 1635 2042 1673 ex-

379 1709 664 1776 superant
687 1704 1137 1776 maligaitatem,
1170 1705 1272 1776 qui
1303 1720 1418 1759 non
1449 1705 1713 1775 cujusvis
1747 1706 2043 1762 carniﬁcis

379 1793 670 1848 malitiam
721 1793 1016 1848 vincunt?
1046 1796 1230 1859 Quam
1297 1810 1414 1849 non
1473 1794 1768 1866 diripuere
1800 1796 2041 1850 domum

379 1898 528 1954 quas
559 1882 711 1937 aedes
744 1882 1174 1954 pervestigandi
1207 1899 1387 1938 causa
1435 1900 1551 1938 non
1610 1884 1989 1940 devastarunt
2011 1885 2039 1939 ?

377 1987 554 2042 quem
587 1971 826 2027 hortum
859 1987 974 2027 non
1007 1971 1424 2026 conculcarunt
1445 1971 1472 2025 ?
1504 1973 1660 2043 quod
1694 1972 2034 2045 sepulcrum

378 2077 496 2116 non
521 2075 822 2133 aperuere,
845 2059 1036 2131 specie
1053 2061 1293 2132 quidem
1311 2061 1617 2124 Athanasii
1633 2062 2031 2134 perquirendi,

379 2166 514 2205 cum
539 2149 684 2204 nihil
709 2154 904 2205 tamen
928 2138 1201 2205 curarent
1230 2167 1410 2222 quam
1447 2150 1723 2222 diripere,
1746 2156 1801 2206 et
1830 2151 2036 2208 obvios

373 2239 670 2311 spoliare?
694 2256 871 2311 quam
902 2238 1224 2294 multorum
1257 2239 1470 2295 domus
1501 2240 1820 2312 obsignatae
1845 2245 1984 2295 sunt
2008 2240 2036 2295 ‘I

372 2345 550 2400 quam
585 2328 770 2384 multa
802 2345 931 2399 qua:
977 2329 1036 2384 in
1087 2328 1479 2400 hOSpitalibus
1519 2334 1706 2396 erant,
1741 2329 2032 2386 ministris

370 2417 496 2473 suis
517 2417 807 2473 militibus
828 2418 1163 2474 dederunt?
1181 2418 1312 2489 quis
1333 2417 1567 2474 illorum
1591 2418 2030 2490 improbitatem

375 2511 647 2580 expertus
668 2525 783 2563 non
804 2508 940 2563 est?
960 2507 1092 2579 quis
1119 2507 1239 2562 illis
1277 2507 1485 2562 obvius
1534 2524 1650 2562 non
1675 2524 1806 2562 esse
1828 2509 1884 2561 in
1907 2508 2029 2562 foro

373 2595 726 2653 occultavit?
757 2597 889 2668 quis
919 2613 1056 2664 non,
1089 2612 1292 2652 eorum
1325 2600 1484 2652 metu
1518 2596 1717 2652 relicta
1749 2597 1944 2667 domo,
1967 2595 2027 2651 in

370 2685 600 2741 deserto
631 2685 1037 2756 pernoctavit?
1068 2685 1200 2756 quis
1230 2685 1372 2739 dum
1403 2701 1513 2740 sua
1543 2685 1614 2740 ab
1647 2683 1764 2739 illis
1796 2700 2029 2741 servare

375 2775 530 2830 300
561 2774 845 2844 studeret,
900 2790 1017 2829 non
1077 2773 1332 2845 plurima
1388 2773 1635 2829 amisit?
1676 2773 1812 2844 quis
1842 2774 2026 2830 maris

378 2863 709 2935 imperitus,
733 2881 849 2918 non
869 2861 1080 2917 maluit
1099 2862 1244 2917 illud
1267 2863 1513 2934 ejusque
1562 2862 1821 2933 pericula
1851 2878 2026 2935 expe-

365 2951 496 3020 riri,
531 2968 708 3023 quam
741 2951 848 3007 hos
878 2951 1326 3007 interminantes
1356 2967 1590 3007 cernere
1609 2951 1636 3005 ‘I
1666 2951 1831 3007 Multi
1865 2967 2026 3007 nam-

369 3057 483 3114 que
513 3040 813 3097 domicilia
879 3045 1306 3112 permutarunt,
1342 3044 1398 3096 et
1427 3057 1462 3096 a
1491 3040 1695 3097 vicoin
1716 3040 1930 3108 vicum,
1949 3041 2023 3096 ab

369 3131 515 3186 urbe
557 3131 617 3186 in
675 3130 962 3186 suburbia
1019 3129 1289 3185 translati
1350 3134 1508 3185 sunt.
1569 3131 1756 3194 Quam
1818 3129 2022 3185 multis

366 3225 599 3291 quantae
632 3219 830 3276 multae
861 3223 1001 3276 sunt
1030 3219 1316 3292 irrogatte,
1350 3225 1406 3274 et
1453 3235 1587 3274 cum
1634 3217 1780 3273 nihil
1812 3235 2021 3291 suppe-

2171 637 2396 713 νούχοις
2437 639 2624 697 αὑτοῦ.
2669 639 2804 703 Τοὺς
2857 642 2950 714 μὲν
3005 641 3095 697 οὖν
3145 641 3449 714 Ἕλληνας,
3505 641 3718 718 μάλλον
3773 640 3837 699 δὲ

2168 731 2274 780 τῶν
2323 725 2608 798 Ἑλλήνων
2650 729 2779 791 τοὺς
2831 725 3286 805 ἐκϐλητοτέρους,
3331 734 3400 787 τά
3451 733 3836 808 προειρημένα

2169 821 2342 870 ποιεῖν
2397 816 2724 892 ἐπέτρεπονο
2761 818 2910 894 εἶχον
2961 822 3063 894 γὰρ
3111 821 3201 875 τὸν
3256 821 3682 898 ὑποκρινόμενον
3734 821 3832 878 αὑ-

2163 911 2282 966 τοῖς
2342 908 2409 960 τὰ
2453 911 2678 962 τοιαῦτα
2708 951 2721 975 ,
2769 909 2859 962 καὶ
2907 908 3280 984 παροξύνοντα
3334 909 3463 973 τοὺς
3517 908 3825 982 Ἕλληνας,

2165 998 2487 1064 Φαυστῖνον,
2536 997 2628 1050 τὸν
2681 995 2978 1052 Καθολικὸν
3036 998 3128 1070 μὲν
3183 996 3504 1074 λεγόμενον,
3560 1000 3820 1074 ἀγοραῖον

2164 1079 2220 1138 δὲ
2249 1085 2339 1138 τὸν
2370 1084 2593 1159 τρόπον,
2626 1085 2715 1140 καὶ
2767 1085 2972 1161 ἀσελγῆ
3014 1087 3113 1156 τήν
3170 1090 3380 1163 ψυχήν.
3431 1087 3595 1143 Αὐτοὶ
3645 1087 3703 1143 δὲ
3752 1089 3826 1142 τὰ

2161 1171 2330 1244 ὅμοια
2385 1173 2601 1236 τούτοις
2679 1174 2987 1245 ἀνεδέξαντο
3048 1173 3115 1230 δι’
3173 1176 3374 1232 ἑαυτῶν
3435 1182 3610 1231 ποιεῖν
3663 1199 3676 1211 ·
3720 1175 3820 1245 ἵν’,

2161 1260 2340 1336 ὥσπερ
2399 1263 2500 1332 τήν
2546 1261 2748 1338 ατίρεσιν
2802 1265 2908 1318 ἀπὸ
2981 1269 3088 1319 τῶν
3150 1263 3338 1320 ἄλλων
3398 1267 3654 1343 αἱρέσεων
3715 1267 3818 1321 ἀπ-

2160 1351 2423 1423 εμάξαντο
2475 1354 2626 1424 (21),
2688 1351 2832 1406 οὕτω
2887 1353 2978 1406 καὶ
3024 1354 3124 1422 τὴν
3184 1353 3452 1429 πονηρίαν
3516 1355 3652 1427 μετὰ
3703 1357 3815 1410 τῶν

2158 1437 2558 1516 ἀσελγεστέρων
2593 1435 2764 1516 ἔχωσι
2819 1443 3246 1518 μεμερισμένην.
3298 1443 3373 1497 Τά
3406 1443 3500 1517 μὲν
3543 1441 3635 1498 οὖν
3669 1441 3818 1499 ἄλλα

2156 1525 2365 1582 δ’ἐκ
2622 1531 2678 1583 0‘
2852 1536 2876 1545 “
3052 1529 3077 1550 ³¹
3347 1529 3724 1588 ·“δὶδ’έ

2195 1550 2209 1580 ι
2285 1550 2497 1600 κεινων,
2550 1551 2618 1584 κα
2656 1550 3000 1604 απροειπον,
3052 1551 3312 1604 επραττον
3396 1552 3430 1585 α
3616 1555 3629 1585 ι
3726 1553 3817 1587 αυ-

2151 1621 2260 1671 τῶν
2296 1616 2713 1692 ἐπλημμέλουν,
2766 1624 2885 1682 πῶς
2934 1620 2996 1675 οὑ
3038 1626 3217 1675 πᾶσαν
3265 1615 3596 1696 ὑπερϐάλλει
3638 1643 3814 1692 πονη-

2154 1705 2298 1778 ρίαν,
2356 1707 2445 1761 καὶ
2501 1709 2699 1770 παντὸς
2745 1705 2950 1782 δημίου
3001 1711 3113 1783 (22)
3171 1714 3297 1780 νικᾷ
3362 1710 3550 1764 κακίαν
3586 1729 3600 1779 ;
3643 1715 3810 1767 Ποῖον

2149 1795 2254 1870 γὰρ
2311 1796 2459 1850 οἷκον
2515 1797 2612 1852 οὐκ
2655 1796 2956 1874 ἐπόρθησαν
2993 1817 3007 1868 ;
3039 1799 3200 1853 ποίαν
3259 1798 3433 1854 οἰκίαν
3469 1847 3484 1872 ,
3541 1801 3810 1877 προφάσει

2146 1888 2242 1938 τοῦ
2294 1883 2533 1957 ἐρευνᾷν,
2584 1885 2645 1940 οὑ
2696 1883 3047 1963 διήρπασαν;
3099 1892 3262 1942 ποῖον
3320 1895 3496 1958 κῆπον
3557 1888 3618 1943 οὐ
3675 1909 3808 1944 κατ-

2146 1973 2438 2044 επάτησαν,
2487 1975 2577 2028 καὶ
2630 1976 2798 2053 τάφον
2853 1975 2952 2030 οὐκ
3001 1976 3286 2047 ἐπηνοιξαν
3325 1997 3338 2047 ;
3378 1976 3646 2055 πρόφασιν
3707 1979 3805 2052 μὲν

2145 2061 2219 2122 ὡς
2260 2063 2574 2117 Ἀθανάσιον
2629 2066 2740 2136 (23)
2800 2063 3182 2135 ἐπιζητοῦντες
3235 2061 3709 2142 προϐαλλόμενοι,
3742 2069 3808 2123 τὸ

2144 2147 2192 2204 δ’
2251 2150 2378 2206 ὅλον
2439 2153 2504 2206 ἲν
2599 2152 2715 2186 ’-“’
2800 2145 2804 2149 ’
2965 2152 2991 2208 δ
3079 2154 3090 2176 ’
3521 2157 3531 2174 '
3787 2158 3804 2178 ‘

2463 2193 2472 2221 ,
2557 2174 2742 2215 αυιοις
2821 2175 2958 2208 σπου
2997 2160 3260 2228 αζομενον
3337 2153 3649 2230 διαρπαζειν
3710 2178 3805 2212 και

2143 2239 2418 2296 σκυλεύειν
2449 2241 2578 2304 τοὺς
2625 2244 2992 2306 ἀπαντῶντας.
3052 2243 3241 2299 Πόσων
3295 2238 3804 2323 ἐπεσφραγίσθησαν

2140 2329 2281 2384 οἶκοι
2316 2349 2329 2400 ;
2361 2331 2544 2386 πόσων
2592 2333 2659 2386 τὰ
2709 2331 2760 2386 ἐν
2810 2338 2930 2394 ταῖς
2979 2333 3176 2404 ξενίαις
3228 2354 3240 2404 ;
3293 2332 3621 2390 ἐκδεδώκασι
3679 2342 3802 2400 τοῖς

2141 2418 2502 2494 ὑπουργοῦσιν
2562 2421 2746 2483 αὐτοῖς
2811 2423 3167 2497 στρατιώταις
3236 2423 3338 2492 ;τίς
3386 2423 3592 2478 τούτων
3646 2425 3804 2479 ἀπεί-

2139 2527 2300 2582 ρατος
2348 2516 2452 2578 τῆς
2499 2511 2690 2572 κακίας
2741 2512 2934 2585 γέγονε
2971 2511 3123 2581 ;⁴τίς,
3182 2511 3398 2575 τούτοις
3458 2514 3800 2586 ἀπαντήσας,

2138 2594 2236 2650 οὐκ
2269 2592 2470 2671 ἐκρύϐη
2531 2599 2667 2653 κατά
2713 2600 2812 2668 τήν
2866 2600 3065 2675 ἀγοράν
3102 2599 3222 2670 ;τίς
3283 2598 3372 2655 διὰ
3426 2601 3655 2665 τούτους
3711 2603 3799 2675 οὗ,

2134 2682 2468 2758 καταλείψας
2516 2689 2615 2756 την
2673 2687 2871 2758 οἰκίαν,
2925 2687 3012 2742 ἐπὶ
3059 2696 3161 2758 τῆς
3212 2688 3446 2765 ἐρημίας
3497 2688 3655 2766 διῆγε
3691 2693 3798 2762 τὴν

2135 2771 2302 2827 νύκτα
2333 2792 2346 2842 ;
2378 2774 2483 2845 τίς,
2534 2775 2739 2830 τούτων
2791 2778 2952 2852 γάριν
3004 2778 3236 2855 φυλάξαι
3265 2779 3333 2833 τὰ
3361 2777 3475 2834 ἴδια
3523 2779 3794 2855 σπεύδων,

2138 2860 2235 2915 ούκ
2284 2860 2534 2918 ἀπώλεσε
2573 2866 2640 2918 τὰ
2687 2866 2918 2921 πλεῖστα
2951 2885 2964 2936 ;
2996 2865 3080 2929 τίς
3131 2865 3354 2942 ἄπειρος
3402 2867 3679 2939 θαλάττης
3727 2870 3794 2926 οὑ

2139 2948 2350 3022 μᾶλλον
2408 2949 2582 3007 ε’ίλετο
2628 2953 2828 3023 ταύτην
2865 2998 2879 3023 ,
2938 2956 3028 3010 καὶ
3083 2961 3191 3010 τῶν
3252 2956 3456 3027 ταύτης
3520 2956 3790 3015 κινδύνων

2132 3045 2319 3115 πεῖραν
2355 3036 2565 3110 λαϐεῖν,
2600 3044 2635 3111 ἢ
2677 3043 2903 3106 τούτους
2954 3046 3080 3120 ὁρᾷν
3135 3044 3535 3116 ἀπειλοῦντας;
3569 3045 3788 3104 Πολλοὶ

2129 3129 2219 3182 καὶ
2251 3129 2434 3192 οἴκους
2471 3129 2741 3204 μετῆλθον
2793 3133 2885 3186 καὶ
2935 3133 3264 3206 μετέστησαν
3318 3135 3422 3189 ἀπὸ
3467 3133 3674 3212 λαύρας
3708 3137 3791 3200 εἰς

2132 3215 2331 3294 λαῦραν
2368 3223 2499 3293 (24),
2531 3221 2621 3274 καὶ
2675 3222 2779 3275 ἀπὸ
2831 3229 2932 3290 τῆς
2976 3222 3195 3284 πόλεως
3244 3223 3319 3285 εἰς
3368 3224 3437 3278 τὰ
3465 3225 3785 3298 προάστεια.

367 3313 534 3377 teret,
593 3309 667 3364 ab
724 3308 855 3364 aliis
913 3309 1025 3381 ipsi
1091 3291 1517 3375 fenerabantar,
1577 3324 1643 3363 eo
1704 3306 1894 3363 solum
1955 3312 2020 3363 ut

2140 3307 2298 3360 Πόσοι
2349 3329 2408 3362 τε
2456 3309 2656 3381 ζημίας
2709 3310 2878 3373 πόσας
2932 3312 3249 3386 ὑπέστησαν,
3293 3313 3384 3367 καὶ
3437 3314 3512 3386 μή
3567 3312 3792 3389 ἔχοντες

368 3415 569 3455 eorum
600 3399 847 3454 insidias
876 3398 1244 3469 effugerent?

435 3578 527 3632 59.
561 3576 847 3632 Omnibus
873 3576 1089 3649 quippe
1119 3575 1327 3631 terrori
1360 3579 1527 3630 erant
1555 3592 1568 3630 :
1611 3575 2017 3647 imperatoris-

369 3683 483 3739 que
512 3683 725 3722 nomen
757 3665 1136 3738 proferentes,
1168 3664 1323 3736 apud
1355 3680 1558 3719 omnes
1597 3679 1726 3719 sese
1756 3663 2015 3718 vendita-

366 3757 529 3823 bant,
557 3755 1003 3810 interminantes
1033 3753 1194 3808 illius
1225 3753 1373 3807 iram
1395 3770 1413 3806 :
1441 3751 1593 3807 nacti
1627 3751 1862 3806 malitiae
1897 3768 2014 3807 suae

367 3844 670 3901 ministros
699 3845 906 3899 ducem
935 3843 1370 3912 Sebastianum,
1405 3840 1792 3896 Manichwum
1821 3840 2016 3896 homi-

366 3952 523 4006 nem,
555 3932 1036 4006 petulantemque
1059 3933 1358 4002 juvenem,
1419 3932 1758 4001 praefectum
1791 3929 1930 3986 item
1960 3934 2018 3986 et

366 4023 661 4090 comitem,
694 4021 1158 4092 histrionemque
1185 4018 1571 4075 Catholicum.
1620 4019 1832 4075 Multos
1861 4024 2016 4076 certe

366 4111 624 4185 virgines
649 4129 776 4184 quae
796 4111 1030 4165 illorum
1051 4108 1413 4181 impietatem
1435 4109 1816 4180 damnabant,
1867 4109 2014 4165 veri-

365 4205 666 4273 tatemque
697 4199 1139 4272 proﬁtebantur,
1159 4214 1228 4254 ex
1249 4197 1472 4253 aedibus
1496 4196 1618 4252 suis
1653 4198 2013 4269 dejecerunt,

367 4291 513 4348 alias
542 4307 668 4364 qua;
699 4287 1084 4344 ambulabant
1112 4288 1352 4343 aflecere
1376 4287 1770 4358 contumeliis,
1789 4304 2018 4344 earum-

368 4397 482 4452 que
511 4379 704 4452 capita
753 4396 786 4434 a
836 4376 1175 4449 junioribus
1234 4376 1336 4447 qui
1381 4392 1581 4432 secum
1611 4379 1777 4431 erant
1808 4377 2016 4432 nudari

359 4472 689 4542 jusserunt,
731 4466 1194 4537 mulieribusque
1232 4464 1357 4520 suis
1415 4464 1750 4520 facultatem
1809 4465 2018 4523 dedere

367 4557 754 4616 contumelias
785 4555 1023 4614 arbitrio
1053 4572 1160 4611 suo
1201 4553 1387 4609 cuivis
1436 4552 1670 4608 illarum
1701 4553 2012 4610 inferendi.

2128 3393 2466 3452 ἐδανείσαντο
2515 3400 2642 3472 παρ’
2692 3399 2927 3474 ἑτέρων,
2975 3399 3068 3455 ’ίνα
3118 3401 3280 3474 μόνον
3329 3402 3426 3464 τάς
3483 3398 3786 3467 ἐπιϐουλὰς

2123 3484 2330 3540 τούτων
2367 3485 2672 3564 ἐκφύγωσιν
2709 3507 2722 3558 ;

2194 3577 2285 3632 59.
2346 3581 2482 3630 Πᾶσι
2541 3578 2645 3652 γὰρ
2698 3572 2964 3654 φοϐεροὺς
3033 3578 3257 3641 ἑαυτοὺς
3317 3577 3634 3655 ἐδείκνυον,
3693 3584 3787 3638 καὶ

2125 3665 2262 3739 πρὸς
2317 3665 2522 3727 πάντας
2573 3663 2972 3735 ἠλαζονεύοντο
3002 3713 3020 3735 ,
3077 3666 3304 3742 βασιλέα
3350 3676 3511 3725 πᾶσιν
3579 3671 3786 3744 ὀνομά-

2129 3758 2308 3821 ζοντες
2363 3772 2376 3784 ·
2426 3754 2516 3808 καὶ
2571 3753 2919 3818 ἀπειλοῦντες
2983 3758 3077 3831 μὲν
3135 3758 3226 3812 τὸν
3293 3757 3500 3814 ἐκείνου
3559 3755 3726 3839 φόϐον
3766 3803 3784 3832 ,

2126 3840 2346 3918 ἔχοντες
2403 3841 2461 3898 δὲ
2515 3844 2821 3920 ὑπουργοὺς
2872 3846 2948 3908 εἷς
2994 3848 3092 3916 τήν
3149 3849 3418 3923 πονηρίαν
3470 3851 3561 3904 τὸν
3615 3849 3786 3907 δοῦκα

2126 3928 2508 4002 Σεϐαστιανὸν,
2561 3939 2866 4008 Μανιχαῖον
2915 3929 3063 4006 ὄντα,
3116 3937 3207 3992 καὶ
3239 3935 3447 4014 ἀσελγῆ
3490 3941 3784 4017 νεώτερον,

2123 4020 2334 4075 καὶτὸν
2369 4017 2630 4098 ἔπαρχον,
2681 4022 2770 4076 καὶ
2813 4023 2903 4077 τὸν
2960 4024 3180 4098 κόμητα
3226 4028 3363 4100 (25),
3411 4028 3501 4082 καὶ
3553 4029 3780 4106 ὑποκρι-

2122 4111 2222 4179 τὴν
2279 4111 2370 4164 τὸν
2421 4109 2742 4168 Καθολικόν.
2798 4110 3022 4176 Πολλὰς
3079 4119 3207 4189 γοῦν
3266 4117 3565 4191 παρθένους
3621 4139 3785 4174 κατα-

2124 4197 2356 4273 γνούσας
2388 4198 2562 4254 αὐτῶν
2594 4207 2696 4270 τῆς
2748 4195 3015 4271 ἀσεϐείας,
3066 4203 3156 4258 καὶ
3202 4205 3302 4273 τὴν
3356 4203 3613 4277 ἀλήθειαν
3665 4208 3784 4262 ἐπι-

2125 4285 2357 4361 γνούσας
2394 4333 2408 4355 ,
2460 4292 2795 4364 κατήνεγκαν
2856 4291 2961 4346 ἀπὸ
3017 4297 3124 4346 τῶν
3186 4293 3396 4365 οἰκιῶν,
3447 4296 3548 4350 ,καὶ
3604 4294 3783 4362 ἄλλας

2124 4375 2525 4450 περιπατούσας
2583 4373 2802 4454 ὕϐριζον
2837 4425 2850 4451 ,
2899 4380 2988 4434 καὶ
3039 4379 3256 4437 ἐποίουν
3319 4383 3421 4438 ὑπὸ
3467 4389 3575 4440 τῶν
3635 4388 3787 4461 παρ’

2127 4463 2311 4526 αὐτοῖς
2367 4466 2645 4542 νεωτέρων
2705 4471 3040 4543 γυμνοῦσθαι
3089 4471 3189 4534 τὰς
3236 4470 3478 4550 κεφαλὰς
3532 4473 3706 4529 αὑτῶν
3768 4498 3782 4511 ο

2123 4555 2213 4608 καὶ
2251 4554 2460 4630 γυναιξὶ
2512 4553 2570 4610 δὲ
2613 4562 2733 4619 ταῖς
2785 4561 2911 4634 παρ’
2966 4558 3139 4614 αὐτῶν
3194 4557 3489 4618 δεδώκασιν
3541 4561 3782 4634 ἐξουσίαν

370 4651 632 4705 Uouestaa
663 4647 860 4718 itaque
918 4644 1236 4716 ﬁdelesque
1293 4647 1574 4698 matronae
1620 4642 2013 4699 declinabant.

2140 4638 2361 4718 56pl§sw
2396 4644 2462 4713 ἢν
2508 4643 2747 4708 θέλουσι.
2803 4647 2899 4701 Καὶ
2961 4649 3014 4702 αἱ
3068 4649 3162 4721 μὲν
3214 4651 3406 4724 σεμναὶ
3452 4652 3544 4706 καὶ
3596 4653 3786 4708 πισταὶ

367 4737 472 4794 Illa
500 4741 698 4794 autem
731 4735 899 4807 quasi
931 4733 1160 4789 bacchae
1192 4749 1257 4787 ac
1301 4733 1484 4803 furiae,
1547 4732 2016 4788 circumcursan-

365 4831 452 4883 tes
483 4827 900 4882 detrimentum
935 4825 1240 4896 putabant,
1272 4823 1321 4876 si
1379 4837 1558 4893 quam
1615 4837 1730 4874 non
1762 4820 2016 4877 offende-

367 4921 516 4981 rent,
550 4915 642 4971 cui
674 4915 957 4969 inferrent
1014 4914 1331 4985 injuriam;
1392 4926 1639 4980 eamque
1695 4910 1848 4964 diem
1881 4926 2016 4965 cum

367 5019 614 5060 mcerore
645 5003 915 5076 agebant,
947 5002 1007 5056 in
1065 5019 1184 5073 qua
1243 4999 1466 5055 nullam
1516 4998 1721 5054 laedere
1752 5001 2012 5070 possent.

366 5099 612 5149 Demum
646 5093 727 5149 ita
755 5091 976 5147 efferati
1010 5090 1320 5161 accrbique
1381 5089 1436 5142 in
1497 5105 1699 5144 omnes
1731 5091 1919 5156 erant,
1953 5091 2018 5142 ut

366 5184 689 5251 carnifices,
714 5181 1040 5249 homicidae,
1074 5179 1305 5245 nefarii,
1339 5177 1680 5249 litigatores,
1715 5176 2012 5246 malitiosi,

365 5272 632 5345 nihilque
662 5289 776 5327 non
809 5270 1004 5344 patius
1061 5286 1239 5340 quam
1295 5266 1606 5324 Bhristiani
1635 5267 1707 5322 ab
1738 5266 2014 5323 omnibus

363 5365 731 5420 vocarentur.

437 5611 550 5684 (21)
581 5612 746 5684 Reg,
779 5607 1138 5684 ἀπεμᾴξοντο.

582 5657 1200 5774 iii°ﬁeél"ﬂi’ti'vééo,
1230 5677 1318 5734 καὶ
1347 5681 1444 5764 τρῦ
1472 5675 1698 5754 δημίου.

434 5688 530 5844 (23
581 5753 746 5832 3.63.,
792 5752 1088 5814 Αθανάσιον
1121 5752 1196 5820 ὡς
1238 5755 1545 5827 ζητοῦντες.

527 5611 550 5838 ξ

459 5752 550 5832 23)
581 5753 746 5832 3.63.,
778 5752 1088 5814 Ἄθανάσιον
1121 5752 1196 5820 ὡς
1238 5754 1545 5827 ζητοῦντες.

2125 4738 2373 4808 γυναῖκες
2441 4731 2709 4804 ἐξέκλινον
2788 4736 2877 4790 καὶ
2955 4739 3314 4815 παρεχώρουν
3396 4739 3624 4805 ἐκείναις
3679 4744 3783 4813 τήν

2125 4820 2248 4877 ὁδόν
2286 4842 2296 4854 ·
2333 4823 2387 4876 αἱ
2419 4821 2476 4877 δὲ
2507 4821 2687 4898 ὥσπερ
2741 4823 2993 4898 μαινάδες
3042 4827 3131 4882 καὶ
3183 4825 3421 4902 ἔριννύες
3469 4833 3584 4904 (26)
3634 4851 3788 4906 περι-

2126 4913 2443 4989 ερχόμεναι,
2490 4915 2768 4992 συμφορὰν
2818 4917 3056 4990 ἡγοῦντο
3098 4918 3160 4972 τὸ
3223 4920 3298 4991 μὴ
3358 4919 3620 4995 εὑρίσκειν
3662 4919 3783 4976 ἀδι-

2122 5008 2266 5071 κεῖν,
2318 5001 2408 5056 xui
2455 5003 2554 5071 τήν
2603 5004 2812 5079 ἡμέραν
2869 5003 3078 5076 ἐκείνην
3143 5008 3278 5080 μετά
3327 5005 3510 5079 λύπης
3561 5007 3784 5085 διῆγον,

2125 5090 2174 5145 ἐν
2277 5092 2350 5165 μή
2385 5088 2650 5159 ἠδύναντο
2697 5100 3033 5152 κακοποιεῖν.
3084 5097 3182 5150 Καὶ
3231 5094 3380 5159 ὑλως
3416 5097 3588 5161 οὕτως
3642 5100 3782 5168 ἦσαν

2122 5185 2282 5233 πᾶσιν
2343 5177 2524 5256 ἄγριοι
2579 5180 2669 5234 καὶ
2712 5183 2920 5259 πικροὶ,
2983 5183 3120 5238 ὥστε
3177 5183 3434 5260 δημίους,
3497 5190 3784 5264 φονευτᾶς,

2124 5266 2433 5342 ἀθεμίτους,
2493 5267 2981 5346 φιλοπράγμονας,
3038 5273 3399 5349 κακούργους,
3459 5277 3549 5331 καὶ
3606 5279 3788 5333 πάντα

2128 5355 2339 5432 μᾶλλον
2372 5357 2569 5421 αὐτοὺς
2599 5360 2633 5427 ἢ
2667 5360 3020 5434 Χριστιανοὺς
3051 5364 3198 5440 παρὰ
3225 5365 3442 5419 πάντων
3472 5363 3782 5428 καλεῖσθαι,

2195 5608 2308 5680 (24)
2341 5607 2505 5680 Beg.,
2539 5601 2741 5680 λαύραν
2777 5622 2911 5664 cum
2945 5612 3134 5666 acuto.

2217 5675 2306 5750 25)
2338 5675 2502 5750 Reg,
2535 5675 2754 5750 κόμὶτα,

2195 5610 2285 5680 (24
2341 5610 2505 5679 Reg.,
2539 5610 2741 5679 λαύραν
2777 5622 2911 5664 cum
2945 5625 2994 5666 at

2217 5681 2287 5734 25
2338 5679 2502 5750 Reg.,
2535 5675 2754 5750 κόμιτα.

2193 5610 2308 5832 (26)
2338 5750 2502 5824 383.,
2536 5749 2709 5831 male,
2733 5746 2994 5833 iptyﬁauq,
