4132 6380
359 391 479 454 ’16⁸1

905 384 970 447 S.
1015 383 1440 448 ATHANASII
1484 382 1661 446 OPP.
1705 377 1910 445 PARS
1955 372 2006 437 Ι.
2038 405 2118 418 -
2146 370 2572 438 HISTORIGA
2614 370 2715 434 ET
2759 368 3245 435 DOGMATICA.

3662 365 3790 431 168

358 541 653 598 mosynam
665 524 710 560 ³1
737 538 751 590 ;
785 524 843 578 et
869 522 1111 587 Esurivi,
1141 523 1191 575 et
1221 519 1443 576 dedistis
1466 517 1609 574 mihi
1633 514 1973 572 manducare

2125 502 2361 598 ἐδώκατέ
2421 527 2513 580 μοι
2591 508 2779 598 φαγεῖν
2838 500 3038 577 ἐδίψων
3076 545 3090 572 ,
3150 503 3239 559 καὶ
3306 499 3591 560 ἐποτίσατέ
3664 521 3733 576 με
3767 545 3784 560 .

358 615 530 680 sitivi,
562 615 615 667 et
639 612 877 685 potestis
904 625 1009 665 me.
1046 610 1323 678 Quantum
1368 607 1518 663 enim
1563 604 1775 676 fecistis
1814 602 1919 657 uni
1946 616 2020 655 ex

359 704 446 758 his
475 702 752 769 minimis,
786 698 929 755 mihi
956 699 1166 769 fecistis
1182 698 1246 751 ³³.
1308 695 1375 751 Hi
1428 699 1648 759 autem,
1680 696 1882 763 utpote
1917 688 2015 761 qui

360 807 561 847 revera
585 797 792 846 contra
846 788 1145 845 Christum
1205 785 1479 850 sentiant,
1540 784 1599 837 in
1655 781 1747 837 his
1780 794 2016 851 quoque

358 882 489 953 ejus
518 878 794 936 voluntati
827 877 1110 933 obsistere
1159 875 1285 931 ausi
1337 876 1493 929 sunt.
1527 872 1674 927 Nam
1716 886 1851 926 cum
1883 884 2013 939 ege-

360 986 468 1025 nos
498 968 924 1041 conspicerent,
958 972 1014 1021 et
1041 965 1251 1021 viduas
1281 963 1450 1034 (quae,
1484 978 1620 1016 cum
1678 960 1796 1014 dux
1840 956 2016 1013 eccle-

358 1059 480 1116 sias
510 1058 742 1114 Arianis
773 1055 1134 1122 tradidisset,
1189 1054 1246 1108 in
1300 1052 1373 1107 iis
1419 1049 1641 1107 versari
1671 1046 2014 1119 nequibant)

358 1150 629 1205 sedentes
658 1146 719 1203 in
752 1144 1069 1217 assignatis
1104 1142 1217 1198 sibi
1248 1141 1391 1197 locis
1441 1158 1475 1195 a
1514 1138 1758 1205 clericis,
1795 1136 2013 1209 quibus

356 1238 668 1294 viduarum
696 1252 837 1291 cura
865 1232 1198 1290 concredita
1246 1231 1471 1287 fuerat:
1533 1245 1668 1284 cum
1711 1228 2015 1283 cernerent

358 1328 567 1383 fratres
596 1329 867 1399 prompto
885 1322 1031 1396 ipsis
1063 1321 1261 1378 animo
1291 1319 1719 1391 eleemosynam
1751 1331 2009 1387 erogare,

355 1415 666 1487 viduisque
691 1412 974 1469 alimenta
1005 1411 1301 1483 praebere;
1333 1425 1431 1464 eas
1478 1406 1727 1478 pedibus
1768 1403 2009 1476 pulsan-

354 1510 442 1562 tes
473 1505 588 1573 (35)
644 1502 1128 1575 insequebantur,
1180 1498 1602 1570 largitoresque
1673 1493 2012 1549 deferebant

355 1594 429 1650 ad
461 1594 693 1649 ducem.
727 1589 995 1661 Illudque
1027 1605 1062 1644 a
1089 1585 1374 1659 Dynamio
1398 1586 1510 1657 (36)
1537 1584 1790 1655 quodam
1823 1581 2011 1637 milite

356 1683 660 1756 agebatur,
693 1683 933 1751 eratque
981 1676 1325 1733 Sebastiano
1376 1674 1821 1747 gratissimum:
1853 1670 2006 1743 apud

356 1770 709 1828 Manichazos
741 1768 900 1824 enim
958 1765 1121 1821 nulla
1165 1769 1256 1821 est
1313 1762 1764 1827 commiseratio,
1799 1776 2009 1831 resque

2126 596 2240 674 Ἐφ’
2298 595 2419 650 ὅσον
2470 597 2574 670 γὰρ
2634 592 2924 664 ἐποιήσατε
2981 592 3058 648 ἐνὶ
3109 597 3215 648 τῶν
3282 596 3491 666 μικρῶν
3546 589 3785 662 τούτων,

2127 684 2250 757 ἐμοὶ
2284 684 2593 755 ἐποιήσατε.
2630 684 2789 738 Οὗτοι
2824 680 2905 753 δὲ,
2958 683 3034 744 ὡς
3082 687 3161 754 τῷ
3209 677 3325 737 ὄντι
3371 684 3509 738 κατά
3547 684 3789 758 Χριστοῦ
3844 720 3853 723 -

2126 778 2472 850 φρονοῦντες,
2502 772 2592 828 καὶ
2624 771 2674 827 ἐν
2721 771 2937 833 τούτοις
2991 771 3308 846 ἀντιπρᾶξαι
3353 775 3432 844 τῷ
3467 768 3792 846 βουλήματι

2126 862 2289 918 αὐτοῦ
2317 860 2711 935 τετολμήκασι.
2759 859 2894 924 Τοὺς
2943 861 3047 937 γὰρ
3099 857 3391 933 δεομένους
3420 860 3511 916 καὶ
3542 861 3638 921 τὰς
3670 861 3790 935 χη-

2127 972 2244 1027 ρας,
2279 949 2466 1021 ἐπειδὴ
2500 952 2593 1013 τὰς
2646 947 2941 1020 ἐκκλησίας
2990 945 3370 1023 παραδέδωκεν
3426 949 3539 1023 (33)
3588 949 3617 1003 ὁ
3658 945 3792 1020 δοὺξ

2122 1046 2242 1103 τοῖς
2274 1042 2597 1116 ’Δρειανοῖς,
2653 1039 2744 1094 καὶ
2803 1038 2857 1093 ἐν
2913 1036 3102 1100 αὐταῖς
3159 1033 3453 1114 διατρίϐειν
3508 1035 3607 1093 οὐκ
3648 1035 3789 1108 ἡδύ-

2126 1151 2305 1201 ναντο,
2357 1129 2723 1202 καθεζομένας
2774 1126 2826 1183 ἐν
2878 1128 2959 1189 οἷς
3011 1126 3212 1203 ὥρισαν
3263 1126 3450 1189 αὐταῖς
3496 1126 3689 1189 τόποις
3732 1127 3790 1181 οἱ

2122 1220 2543 1293 πεπιστευμένοι
2735 1217 2831 1279 τὰς
2865 1219 3047 1293 χήρας
3077 1215 3361 1291 κληρικοὶ,
3394 1213 3579 1287 ἐπειδή
3624 1211 3789 1271 ἔϐλε-

2120 1329 2221 1363 πον
2251 1308 2379 1371 τοὺς
2410 1306 2680 1386 ἀδελφοὺς
2712 1306 3015 1383 προθύμως
3047 1303 3389 1369 ἐπιδιδόντας
3433 1304 3643 1376 αὐταῖς,
3687 1306 3786 1361 καὶ

2120 1398 2416 1473 τρέφοντας
2468 1399 2565 1460 τὰς
2613 1398 2835 1473 χήρας,
2888 1395 3051 1458 αὐτὰς
3116 1416 3175 1450 τε.
3237 1395 3373 1450 κατὰ
3418 1399 3524 1450 τῶν
3590 1391 3780 1449 ποδῶν

2118 1486 2413 1549 τύπτοντες
2445 1484 2670 1542 ἐδίωκον
2705 1488 2839 1559 (35),
2869 1485 2960 1541 καὶ
3006 1483 3136 1547 τοὺς
3181 1485 3525 1560 παρέχοντας
3556 1478 3783 1539 διέϐαλ-

2122 1574 2216 1630 λον
2250 1581 2330 1648 τῷ
2361 1572 2535 1633 δουκί.
2570 1574 2669 1630 Καὶ
2714 1579 2876 1630 τοῦτο
2930 1572 3175 1649 ἐγίγνετο
3227 1571 3315 1629 διὰ
3362 1573 3635 1647 Δυναμίου

2117 1666 2267 1728 τινὸς
2294 1665 2629 1741 στρατιώτου
2662 1682 2675 1696 ⁵
2700 1661 2860 1739 φίλον
2895 1660 2953 1718 δὲ
2981 1662 3048 1732 ἦν
3079 1665 3241 1717 τοῦτο
3272 1664 3386 1737 (37)
3410 1656 3780 1735 Σεϐαστιανῷ.

2121 1755 2267 1831 παρὰ
2324 1754 2653 1830 Μανιχαίοις
2713 1754 2816 1829 γὰρ
2878 1750 3031 1816 ἔΛεος
3086 1751 3187 1808 οὐκ
3235 1749 3374 1807 ἔστιν
3411 1798 3426 1824 ,
3488 1749 3635 1807 ἀλλὰ
3687 1751 3785 1808 καὶ

356 1859 475 1916 illis
505 1859 709 1915 odiosa
737 1860 826 1914 est
855 1870 1174 1928 pauperem
1206 1851 1492 1909 miserari.
1518 1849 1783 1907 Insolens
1812 1849 2010 1919 itaque

2124 1842 2316 1921 ἐχθρόν
2360 1844 2471 1899 ἐστι
2505 1844 2632 1919 παρ’
2674 1841 2857 1906 αὐτοῖς
2900 1843 2963 1897 τὸ
2995 1839 3165 1897 ἐλεεῖν
3195 1843 3423 1911 πένητα.
3474 1845 3571 1897 Ἦν
3597 1840 3784 1896 τοίνυν

2259 1934 2271 1950 \
2366 1935 2376 1950 1
2444 1936 2455 1950 Ι
2648 1932 2663 1950 \
2702 1932 2726 1950 ᾗ
2908 1934 2920 1950 Ι
3125 1935 3152 1945 ~
3315 1934 3342 1945 ’ν
3498 1929 3513 1950 ἳ
3692 1930 3743 1950 n‘

356 1946 746 2005 accusationis
801 1961 988 2018 genus
1046 1948 1189 2013 erat,
1251 1957 1586 2012 novumque
1643 1937 1902 1994 tribunal
1937 1937 2009 1992 ab

354 2036 473 2093 illis
495 2038 622 2108 jam
665 2035 923 2108 primum
974 2032 1368 2104 excogitatum
1426 2034 1534 2085 est.
1587 2028 1668 2083 De
1727 2025 2008 2082 beneﬁcio

358 2124 577 2200 quippe
609 2125 816 2181 collato
849 2123 908 2178 in
933 2123 1035 2193 jus
1090 2120 1447 2176 vocabantur
1478 2118 1747 2172 homines
1775 2133 1788 2171 :
1823 2120 1879 2170 et
1909 2112 2010 2185 qui

355 2214 785 2287 eleemosynam
808 2210 1494 2281 darent,deferebantur:
1526 2206 1628 2279 qui
1660 2203 2009 2261 beneﬁcium

355 2303 663 2375 acciperet,
694 2299 1044 2374 vapulabat:
1082 2297 1494 2368 malebantque
1526 2310 1841 2366 pauperem
1875 2309 2005 2349 esu-

357 2392 492 2460 rire,
527 2409 706 2464 quam
735 2405 974 2462 erogare
994 2388 1095 2460 qui
1128 2386 1320 2443 vellet.
1345 2386 1462 2441 Hoc
1493 2385 1631 2440 item
1655 2383 1728 2439 ab
1750 2382 2010 2453 antiquis

355 2481 477 2538 illis
505 2480 726 2538 Judazis
757 2478 1081 2535 didicerant
1145 2476 1277 2531 novi
1322 2475 1417 2531 isti
1477 2474 1686 2530 Judaei.
1724 2472 1810 2527 llli
1843 2488 2008 2526 nam-

356 2587 471 2643 que
503 2587 642 2627 cum
672 2573 978 2625 cernerent
1010 2583 1223 2623 caecum
1259 2583 1293 2619 a
1320 2563 1642 2632 nativitate,
1693 2561 1885 2616 visum
1919 2577 2006 2616 re-

358 2658 582 2731 cepisse
601 2659 668 2730 ”,
701 2673 955 2729 eumque
984 2655 1085 2727 qui
1107 2653 1340 2727 jamdiu
1372 2651 1724 2725 paralyticus
1755 2654 1897 2716 erat,
1915 2666 2009 2705 sa-

357 2752 566 2804 natum
599 2748 783 2803 fuisse
799 2747 866 2815 3‘,
899 2745 1314 2801 beneﬁciorum
1346 2744 1643 2797 auctorem
1693 2738 2008 2795 Dominum

360 2835 865 2892 criminabantur:
914 2832 1198 2889 beneﬁcio
1259 2830 1496 2887 affectos
1554 2829 1916 2884 damnabant
1946 2831 2011 2882 ut

364 2925 858 2998 praevaricatores.

430 3014 519 3069 62.
554 3014 837 3079 Quisnam
868 3012 991 3067 haec
1022 3010 1269 3066 miratus
1300 3024 1417 3063 non
1447 3007 1578 3063 est?
1610 3005 1752 3073 Quis
1780 3022 1893 3061 non
1921 3008 2012 3061 est

360 3101 632 3158 haeresim
655 3103 899 3174 ejusque
920 3099 1178 3155 vindices
1201 3100 1534 3154 exsecratus
1554 3096 1581 3150 ‘2
1613 3095 1753 3161 Quis
1775 3110 1890 3149 non
1913 3109 2011 3150 n0-

359 3192 441 3249 vit
474 3191 604 3248 ferit
634 3191 780 3264 ipsis
808 3190 1170 3247 eﬁ‘eratiores
1204 3187 1444 3243 Arianos
1476 3202 1604 3241 esse
1627 3184 1655 3239 ?
1693 3183 1889 3255 Neque
1920 3187 2006 3238 ta-

2120 1934 2280 2003 καινὴ
2319 1935 2548 2007 μέμψις,
2575 1932 2665 1988 καὶ
2699 1932 3046 2007 δικαστήριον
3093 1935 3185 1985 νῦν
3231 1934 3447 2008 πρῶτον
3495 1929 3782 2000 ἐπινοηθὲν

2116 2029 2240 2098 παρ’
2271 2022 2469 2078 αὐτῶν.
2509 2021 2630 2077 Ἐπὶ
2680 2020 2960 2097 εὐεργεσίᾳ
3001 2041 3086 2082 τις
3137 2017 3376 2095 ἐκρίνετο
3413 2041 3424 2053 ·
3457 2018 3547 2073 καὶ
3597 2019 3625 2074 ὁ
3681 2019 3779 2093 μὲν

2126 2110 2293 2167 ἐλεῶν
2352 2116 2737 2187 κατηγορεῖτο,
2770 2111 2798 2164 ὁ
2846 2106 2904 2165 δὲ
2948 2107 3400 2186 εὐεργετούμενος
3449 2107 3709 2163 ἐτύπτετο
3766 2126 3781 2141 ε

2116 2202 2207 2256 καὶ
2243 2199 2457 2274 μᾶλλον
2490 2198 2689 2269 ἤθελον
2721 2204 2905 2270 πεινᾷν
2936 2199 3027 2253 τὸν
3060 2198 3291 2269 πένητα,
3341 2195 3377 2266 ἢ
3427 2198 3517 2252 τὸν
3572 2195 3782 2273 βουλό-

2123 2311 2278 2364 μενον
2314 2288 2509 2360 ἐλεεῖν,
2540 2289 2831 2365 παρέχειν.
2879 2288 2979 2342 Καὶ
3025 2291 3192 2343 τοῦτο
3251 2284 3309 2342 δὲ
3355 2287 3502 2364 παρὰ
3531 2289 3639 2341 τῶν
3671 2307 3781 2342 πα-

2118 2377 2289 2434 λαιῶν
2337 2377 2503 2434 πάλιν
2544 2376 2819 2434 Ἰουδαίων
2881 2371 3104 2450 ἔμαθον,
3153 2377 3268 2432 νέοι
3314 2371 3463 2438 ὄντες
3522 2373 3784 2432 Ἰουδαῖοι

2117 2469 2205 2523 καὶ
2237 2468 2390 2524 αὐτοί
2412 2488 2424 2500 ·
2448 2469 2538 2523 καὶ
2569 2468 2673 2544 γὰρ
2699 2468 2939 2522 κάκεῖνοι
2990 2465 3287 2542 βλέποντες
3331 2466 3424 2521 τὸν
3465 2464 3525 2520 ἐκ
3553 2472 3782 2541 γενετῆς

2117 2556 2319 2636 τυφλὸν
2372 2556 2566 2612 λοιπὸν
2625 2555 2917 2633 βλέποντα,
2970 2555 3061 2610 καὶ
3107 2556 3199 2611 τὸν
3230 2552 3431 2627 πολλῷ
3479 2559 3558 2627 τῷ
3589 2554 3784 2631 χρόνῳ

2118 2645 2486 2723 παραλυτικὸν
2540 2646 2831 2722 γενόμενον
2867 2646 2992 2720 ὑγιῆ
3017 2665 3029 2678 ’
3069 2644 3159 2700 τὸν
3208 2644 3305 2718 μὲν
3352 2643 3787 2720 εὐεργετήσαντα

2117 2736 2311 2810 Κύριον
2345 2735 2605 2810 ᾐτιῶντο,
2659 2734 2787 2798 τοὺς
2838 2732 2897 2790 δὲ
2946 2732 3003 2790 εὖ
3051 2734 3320 2797 παθόντας
3353 2732 3427 2796 ὡς
3457 2727 3783 2809 παραϐάτας

2119 2823 2329 2902 ἔκρινον
2338 2869 2350 2881 .

2187 3008 2276 3061 62.
2326 3004 2418 3066 Τίς
2478 3000 2568 3058 οὖν
2629 3003 2717 3058 ἐπὶ
2771 3000 2987 3065 τούτοις
3046 3001 3145 3057 οὐκ
3201 2999 3469 3076 ἐθαύμαζε
3506 3020 3520 3071 ;
3563 3000 3657 3064 Τίς
3714 3000 3783 3056 οὗ

2118 3100 2392 3171 κατηρᾶτο
2424 3094 2522 3163 τήν
2576 3091 2801 3169 αἵρεσιν,
2851 3091 2941 3146 καὶ
2988 3090 3116 3154 τοὺς
3168 3090 3514 3153 ἐκδικοῦντας
3542 3089 3781 3160 αὖτήν;

2115 3185 2206 3246 Τίς
2241 3183 2339 3237 οὐκ
2390 3182 2700 3257 ἐγίνωσκεν,
2752 3181 2837 3236 ὅτι
2883 3180 2971 3235 καὶ
3017 3180 3222 3257 Θηρίων
3266 3180 3595 3258 ἀγριώτεροι
3638 3200 3785 3254 τυγ-

360 3276 494 3336 men
522 3279 754 3337 scelesti
786 3295 853 3335 ea
882 3277 1038 3334 nacti
1070 3285 1209 3333 sunt
1238 3292 1368 3347 quae
1400 3275 1457 3329 in
1517 3273 1740 3346 agendo
1772 3271 2005 3344 assequi

2124 3274 2374 3349 χάνουσιν
2402 3272 2454 3325 οἱ
2483 3269 2752 3347 ’Λρειανοί
2787 3289 2799 3339 ;
2835 3266 2960 3324 οὐδὲ
3008 3256 3111 3345 γὰρ
3144 3267 3270 3325 οὐδὲ
3300 3256 3372 3325 ὧν
3421 3265 3577 3323 ἕνεκα
3610 3271 3782 3323 ταῦτα

358 3371 766 3447 peroptabant,
825 3369 944 3423 imo
1000 3383 1132 3422 vero
1191 3366 1248 3420 in
1298 3364 1532 3437 gravius
1594 3363 2006 3417 universorum

361 3461 562 3518 odium
594 3460 988 3513 incurrerunt.
1020 3456 1347 3527 Sperabant
1377 3459 1529 3508 certe
1567 3452 1801 3507 insidiis
1832 3454 2007 3523 atque

358 3555 581 3607 terrore
604 3548 892 3619 quosdam
924 3562 990 3601 eo
1024 3542 1234 3600 adduci
1256 3536 1448 3615 posse,
1483 3547 1548 3597 ut
1577 3540 1849 3596 hazresim
1882 3558 2006 3595 am-

364 3638 777 3712 plecterentur,
810 3639 984 3706 atque
1039 3632 1424 3690 conventibus
1470 3631 1824 3686 interessent
1860 3629 2005 3685 suis.

364 3728 477 3785 Sed
509 3725 687 3783 cessit
714 3742 807 3781 res
839 3727 1045 3780 contra
1072 3738 1251 3794 quam
1285 3721 1393 3775 rati
1449 3723 1648 3776 erant:
1691 3735 1826 3774 nam
1861 3735 2008 3791 quos

364 3816 451 3872 illi
481 3814 837 3888 afﬂigebant,
870 3812 910 3868 ii
940 3828 1233 3868 aerumnas
1264 3809 1377 3866 sibi
1407 3808 1602 3864 illatas
1644 3807 1813 3880 quasi
1846 3825 2007 3864 mar-

361 3905 580 3979 tyrium
611 3904 1015 3977 perferebant:
1050 3917 1240 3972 neque
1268 3898 1591 3971 prodebant
1621 3898 1707 3954 vel
1756 3897 2009 3971 abnega-

363 3996 508 4052 bant
536 3994 693 4067 piam
724 3994 784 4048 in
815 3991 1114 4051 Christum
1150 3990 1345 4045 ﬁdem.
1380 3986 1647 4043 Extranei
1680 3993 1874 4043 autem
1909 3988 2009 4060 qui

364 4085 485 4141 haec
515 4081 971 4154 conspiciebant,
1004 4080 1122 4135 imo
1180 4076 1398 4134 ethnici
1440 4076 1570 4132 haec
1626 4076 1767 4131 dum
1810 4092 2007 4132 cerne-

363 4179 513 4241 rent,
553 4189 652 4229 eos
680 4170 839 4228 velut
868 4167 1245 4226 antichristos
1303 4172 1360 4222 et
1416 4166 1719 4223 carniﬁces
1749 4182 2010 4222 exsecra-

362 4263 617 4319 bantur:
652 4263 744 4317 est
787 4259 1001 4333 quippe
1052 4273 1240 4331 genus
1299 4256 1629 4311 humanum
1682 4270 2009 4327 pauperum

365 4368 591 4423 amans,
625 4350 698 4408 ad
730 4347 1310 4419 misericordiamque
1333 4363 1605 4419 pronum.
1640 4344 1711 4400 Hi
1757 4362 1890 4401 vero
1922 4345 2011 4402 vel

362 4442 687 4497 humanum
746 4436 1118 4494 ratiocinium
1177 4434 1540 4491 amiserant:
1604 4450 1743 4489 nam
1801 4434 1924 4505 qui,
1961 4434 2011 4489 si

364 4530 524 4603 passi
555 4533 771 4600 essent,
804 4529 1209 4601 peroptassent
1269 4525 1341 4580 ab
1374 4523 1505 4580 aliis
1535 4523 1884 4578 beneﬁcium
1916 4540 2010 4579 ac-

2118 3361 2339 3417 ἐποίουν
2374 3357 2679 3436 ἐκέρδαινον
2713 3359 2765 3412 ot
2800 3359 3008 3432 μιαροὶ,
3034 3355 3181 3414 ἀλλὰ
3207 3358 3297 3414 καὶ
3333 3355 3546 3433 μᾶλλον
3567 3357 3630 3412 τὸ
3659 3357 3784 3412 καθ’

2116 3452 2317 3506 ἑαυτῶν
2377 3455 2537 3523 μῖσος
2610 3448 2757 3524 παρᾶ
2806 3452 2966 3502 πᾶσιν
3033 3443 3263 3518 ηὔξανον
3300 3491 3312 3504 .
3373 3446 3661 3519 Ἐνόμιζον
3721 3444 3782 3518 ἐξ

2118 3535 2418 3608 ἐπιϐουλῆς
2449 3538 2539 3592 καὶ
2572 3531 2742 3614 φόϐου
2780 3536 3053 3613 βιάζεσθαί
3082 3557 3232 3599 τινας
3278 3536 3355 3599 εἷς
3396 3536 3496 3605 τήν
3543 3532 3775 3611 αἵρεσιν,

2118 3629 2257 3685 ὥστε
2302 3628 2391 3682 καὶ
2442 3626 2758 3702 συνάγεσθαι
2807 3631 2918 3698 μετ“
2958 3624 3155 3682 αὐτῶν.
3187 3620 3475 3683 Ἀπέϐαινε
3504 3622 3563 3680 δὲ
3584 3623 3772 3687 αὐτοῖς

2115 3720 2182 3774 τὰ
2211 3715 2423 3774 ἐναντία
2455 3734 2467 3749 ⁸
2503 3716 2556 3769 οἱ
2586 3715 2679 3788 μὲν
2731 3714 2834 3790 γὰρ
2874 3715 3178 3790 πάσχοντες
3229 3714 3306 3777 ὡς
3339 3713 3633 3790 μαρτύριον
3668 3713 3772 3769 ὑπ-

2118 3810 2306 3885 έφερον
2352 3807 2420 3862 τὰ
2465 3805 2591 3882 παρ’
2643 3802 2860 3859 ἐκείνων
2906 3804 3226 3879 γιγνόμενα,
3273 3803 3363 3859 καὶ
3396 3799 3517 3859 οὔτε
3546 3801 3771 3880 προεδί-

2120 3897 2267 3970 δουν,
2300 3893 2423 3951 οὔτε
2452 3896 2717 3972 ἠρνοῦντο
2744 3895 2844 3963 τὴν
2880 3893 2956 3956 εἰς
2985 3892 3213 3970 Χριστὸν
3258 3887 3532 3949 εὐσέϐειαν
3565 3912 3576 3925 ’
3616 3893 3669 3947 οἱ
3713 3890 3777 3949 δὲ

2118 3990 2445 4064 θεωροῦντες
2481 3979 2668 4055 ἔξωθεν
2722 3981 2939 4053 αὐτοὺς,
2964 3980 3157 4038 λοιπὸν
3191 3979 3248 4037 δὲ
3293 3983 3384 4037 καὶ
3417 3983 3470 4037 οἱ
3499 3979 3781 4052 ’Έλληνες

2123 4075 2439 4154 βλέποντες,
2473 4073 2549 4136 ὡς
2572 4073 2975 4150 ἀντιχρίστους,
3035 4072 3111 4134 ὡς
3152 4069 3390 4145 δημίους
3429 4073 3775 4141 κατηρῶντο.

2121 4164 2477 4246 φιλόπτωχον
2529 4164 2633 4239 γὰρ
2691 4161 2781 4217 καὶ
2840 4161 3117 4234 συμπαθὲς
3173 4161 3236 4216 τὸ
3303 4164 3410 4216 τῶν
3474 4160 3777 4235 ἀνθρώπων

2120 4257 2299 4331 γένος.
2340 4253 2501 4308 Οὗτοι
2534 4249 2590 4306 δὲ
2619 4251 2709 4307 καὶ
2728 4252 2818 4306 τὸν
2844 4251 3141 4328 ἀνθρώπων
3167 4248 3436 4325 λογισμὸν
3464 4247 3777 4305 ἀπώλεσαν·

2119 4345 2209 4401 καὶ
2242 4344 2293 4399 οἳ
2332 4344 2634 4419 πάσχοντες
2684 4342 2742 4396 ἂν
2794 4338 3024 4412 ηὔξαντο
3053 4341 3179 4417 παρ’
3231 4340 3426 4411 ἐτέρων
3461 4340 3519 4394 εὗ
3563 4339 3780 4413 παθεῖν,

2122 4433 2275 4490 αὐτοὶ
2304 4437 2465 4487 τοῦτο
2495 4433 2678 4486 παθεῖν
2728 4427 3085 4503 τοὺςῖἅλλους
3129 4429 3227 4485 οὐκ
3266 4427 3580 4503 ἐπέτρεπον,
3616 4424 3779 4504 ἔχον-

2118 4544 2208 4585 τες
2256 4523 2356 4592 τήν
2407 4524 2515 4575 τῶν
2566 4517 2829 4574 δικαστῶν
2857 4563 2870 4589 ,
2918 4517 3008 4573 καὶ
3045 4517 3283 4593 μάλιστα
3326 4519 3427 4589 τὴν
3475 4517 3625 4595 παρὰ
3677 4520 3779 4573 τοῦ

364 4620 575 4693 cipere,
608 4634 725 4674 non
756 4617 1028 4672 sinebant
1058 4614 1203 4671 alios
1261 4613 1520 4685 idipsum
1570 4612 1886 4684 consequi;
1912 4613 2009 4685 ju-

2124 4610 2312 4675 δουκὸς
2345 4605 2628 4687 ἐπιτριϐἠν
2659 4608 2750 4664 καὶ
2774 4607 3036 4680 ἐξουσίαν.

365 4709 563 4765 dicnm
595 4706 833 4774 scilicet,
858 4703 1300 4778 prmsertimque
1324 4701 1492 4758 ducis
1513 4701 1883 4759 immanitate
1914 4719 2012 4775 po-

362 4801 691 4869 testateque
721 4795 870 4851 freti.

432 4887 523 4942 63.
556 4886 875 4941 Enimvero
924 4901 1051 4956 quae
1109 4883 1169 4938 in
1220 4883 1588 4954 presbyteros
1617 4881 2014 4954 diaconosque

363 4979 817 5048 perpetrarunt;
852 4990 968 5046 quo
1019 4976 1187 5045 pacto
1244 4970 1375 5027 illos
1432 4971 1598 5026 ducis
1624 4971 2014 5045 judicumque

338 5064 714 5121 tauctoritate
740 5063 797 5118 in
832 5063 1033 5135 fugam
1064 5061 1363 5130 verterint,
1398 5060 1723 5132 afﬁnesque
1777 5061 2011 5118 illorum

363 5154 637 5211 domibus
670 5152 1061 5213 deturbarint,
1092 5150 1348 5205 militum
1380 5150 1603 5207 scilicet
1640 5168 1833 5223 opera,
1868 5153 2009 5209 Gor-

362 5244 637 5318 goniique
668 5241 967 5315 ducis,qui
999 5240 1187 5313 plagis
1217 5257 1316 5296 eos
1347 5239 1716 5309 lancinabat;
1747 5259 1862 5315 quo
1912 5260 2012 5314 pa-

364 5337 453 5390 cto
482 5333 720 5389 illorum
752 5332 897 5405 (rem
930 5347 1071 5387 sane
1102 5328 1367 5386 omnium
1400 5329 1893 5405 crudelissimam)
1925 5350 2015 5390 eo-

2191 4884 2283 4939 63.
2313 4881 2382 4935 "A
2413 4877 2518 4955 γὰρ
2557 4876 2648 4932 καὶ
2694 4880 2811 4938 τοῖς
2842 4868 3228 4951 πρεσϐυτέροις
3257 4873 3348 4929 καὶ
3382 4871 3655 4936 διακόνοις
3684 4893 3782 4928 πε-

2120 4972 2403 5041 ποιήκασι,
2446 4967 2538 5022 καὶ
2589 4970 2708 5028 πῶς
2756 4964 2950 5027 αὐτοὺς
3002 4963 3089 5019 ἐπὶ
3132 4967 3230 5018 τοῦ
3281 4961 3475 5026 δουκὸς
3520 4962 3612 5018 καὶ
3665 4966 3779 5017 τῶν

2124 5062 2386 5116 δικαστῶν
2440 5054 2844 5135 ἐφυγάδευσαν,
2895 5054 3288 5132 καταφέροντες
3338 5052 3399 5109 ἐκ
3447 5057 3558 5109 τῶν
3610 5049 3782 5107 οἷ’κων

2122 5151 2249 5214 τούς
2280 5146 2514 5209 οἰκείους
2576 5145 2749 5201 αὐτῶν
2802 5142 2891 5199 διὰ
2944 5148 3051 5199 τῶν
3113 5146 3483 5217 στρατιωτῶν,
3534 5141 3625 5198 καὶ
3680 5144 3783 5196 τοῦ

2125 5243 2432 5313 στρατηγοῦ
2492 5235 2788 5312 Γοργονίου
2844 5233 2934 5290 καὶ
2993 5231 3241 5308 πληγαῖς
3296 5232 3782 5303 κατακόπτοντος,

2122 5332 2213 5389 καὶ
2269 5334 2387 5391 πῶς
2420 5326 2595 5383 αὐτῶν
2653 5324 2737 5399 (τό
2797 5321 2855 5379 δε
2907 5324 3121 5379 πάντων
3176 5323 3480 5397 ὠμότερον)
3529 5320 3620 5377 καὶ
3667 5323 3781 5374 τῶν

431 5450 469 5485 ³¹
506 5451 639 5507 Luc.
673 5465 774 5518 x11,
808 5449 895 5504 33.
929 5449 974 5483 ³³
1004 5446 1203 5502 Matth.
1234 5464 1363 5519 xxv,
1397 5449 1485 5520 35,
1521 5449 1607 5502 40.
1641 5448 1685 5485 ⁸³
1728 5451 1899 5508 Joan.
1934 5469 2014 5525 XI,
2053 5456 2108 5512 9.
2140 5454 2187 5490 3‘
2218 5449 2425 5507 Matth.
2459 5464 2538 5514 Ix,
2568 5446 2623 5501 7.

435 5567 529 5634 (33

461 5566 548 5691 33%
574 5565 672 5637 Sig
698 5565 836 5636 Reg.
870 5564 1047 5653 F‘ld'itj,
1073 5558 1403 5650 παρέδωκεν.

461 5637 527 5691 34
581 5637 665 5691 Ita
694 5637 835 5691 Reg.
870 5636 1041 5691 Lditl.
1074 5653 1395 5691 πιστευομεν

461 5637 527 5691 34

438 5636 531 5793 135

581 5633 665 5708 Ita
694 5633 835 5707 Reg.
870 5634 1041 5707 Editi,
1074 5633 1475 5708 πιστευόμενοι.

585 5707 749 5767 Forte
776 5722 971 5766 eorum
993 5707 1155 5783 pedes
1174 5709 1476 5782 pulsantes.

531 5566 552 5787 ξ

2200 5568 2310 5643 (36)
2344 5561 2736 5643 D_e_D_ynamio
2767 5562 2922 5617 infra
2975 5561 3037 5617 in
3104 5558 3525 5617 Conteslatione
3573 5555 3789 5632 populi

2126 5637 2530 5701 Alexandrini.

2198 5711 2311 5791 (37)
2344 5712 2434 5769 Ita
2467 5708 2605 5784 Reg.
2617 5749 2632 5779 ,
2663 5706 2903 5782 optime.
2935 5704 3110 5781 Editi,
3142 5698 3201 5759 δὲ
3229 5705 3319 5760 νῦν
3349 5705 3539 5784 τοῦτο..
