4132 6408
314 396 436 461 769

1254 398 1628 475 HISTORIA
1668 397 2144 463 ARIANORUM
2192 399 2294 461 AD
2338 397 2787 464 MONACHOS.

3604 401 3729 495 πο

312 525 349 596 ἤ
358 524 424 595 δη
456 524 923 603 τετελευτηκότων
942 530 1072 593 τούς
1098 527 1294 608 ἄρτους
1315 533 1426 605 (38)
1455 532 1565 605 μεθ’
1587 530 1721 602 ὅσης
1751 525 1958 606 ὕϐρεως

2086 544 2327 602 rumque
2368 532 2468 603 qui
2492 532 2617 603 jam
2652 532 2916 589 obierant
2946 549 3149 606 panes,
3190 536 3525 606 quantaque
3556 540 3724 606 petu-

312 614 638 691 διήρπασαν,
669 618 767 674 οὐκ
798 615 936 675 ἔστιν
972 618 1096 677 οὐδὲ
1126 619 1280 696 λόγῳ
1312 622 1530 700 φράσαι,
1581 622 1818 690 νικώσης
1861 626 1963 689 τῆς

310 704 601 781 ὠμότητος
635 708 807 763 αὐτῶν
840 712 939 779 τήν
974 709 1033 765 ἐκ
1064 715 1171 765 τῶν
1205 709 1386 786 λόγων
1423 708 1701 785 διήγησιν.
1749 709 1809 762 Τί
1858 710 1961 785 γὰρ

308 796 368 847 ἅν
424 817 509 857 τις
559 795 724 852 εἰπὼν
788 799 1060 874 εἰρηκέναι
1114 797 1308 871 δόξειεν
1347 818 1359 868 ;
1401 806 1466 855 Ἠ
1521 798 1682 853 ποίου
1740 799 1962 874 πρώτου

310 885 691 957 μνημονεύσας
727 930 741 956 ,
802 888 910 964 οὐχ
960 880 1201 965 εὑρίσκει
1248 890 1315 943 τα
1370 886 1590 964 δεύτερα
1648 886 1959 963 δεινότερα,

304 976 412 1027 τῶν
447 971 707 1049 δευτέρων
765 977 831 1030 τά
866 978 999 1051 μετά
1045 982 1212 1033 ταῦτα
1245 997 1257 1046 ;
1290 978 1470 1032 Πάντα
1516 980 1618 1052 γάρ
1672 976 1843 1057 αύτῷν
1893 978 1962 1030 τὰ

308 1060 712 1139 ἐπιχειρήματα
742 1064 831 1118 καὶ
880 1066 947 1119 τά
996 1061 1313 1140 ἀσεϐήματα
1362 1067 1526 1145 φόνου
1576 1065 1664 1121 καὶ
1714 1060 1958 1127 ἀσεϐείας

306 1148 669 1226 πεπλήρωται
705 1171 717 1183 ·
752 1154 841 1209 καὶ
874 1153 1047 1216 οὕτως
1082 1154 1183 1209 εἶσὶ
1209 1160 1509 1229 πανοῦργοι
1556 1156 1654 1223 τήν
1704 1154 1957 1229 γνώμην,

306 1240 397 1294 καὶ
427 1240 675 1299 ποικίλοι
704 1243 795 1297 τὸν
829 1243 1051 1316 τρόπον,
1078 1260 1083 1265 ‘
1109 1244 1184 1305 ὡς
1233 1244 1322 1298 καὶ
1374 1241 1677 1319 ἐπαγγελίᾳ
1719 1263 1957 1317 προστα-

310 1329 450 1401 σίας,
509 1332 598 1386 καὶ
657 1328 798 1387 δόσει
857 1334 1161 1408 χρημάτων
1228 1332 1521 1409 ἐπιχειρεῖν
1583 1334 1809 1402 ἀπατᾷν’
1863 1329 1957 1401 τίν’,

310 1418 425 1473 ἐπεὶ
481 1421 555 1493 μὴ
609 1419 660 1491 ἐξ
713 1419 955 1496 εὐλόγων
1018 1419 1206 1499 ἔχουσι
1264 1424 1363 1491 τὴν
1416 1423 1686 1495 σύστασιν,
1746 1420 1840 1475 κᾶν
1904 1420 1962 1474 ἐκ

304 1508 511 1563 τούτων
569 1506 765 1580 δόξωσι
823 1510 1111 1587 φαντασίαν
1184 1513 1304 1566 τινὰ
1357 1518 1473 1573 τοῖς
1530 1510 1801 1584 ἀκεραίοις
1862 1509 1960 1582 ἐμ-

306 1617 505 1655 ποιειν.

371 1778 459 1835 64.
520 1776 611 1838 Τίς
668 1774 758 1831 οὗν
819 1773 894 1832 ἔτι
954 1777 1179 1841 τούτους
1235 1778 1331 1833 κᾶν
1384 1776 1625 1839 ἐθνικοὺς
1683 1775 1956 1832 καλέσειεν

304 1860 521 1935 ἀπλῶς,
562 1867 759 1940 μήτιγε
806 1867 1158 1943 Χριστιανούς
1193 1885 1207 1935 ;
1239 1867 1321 1929 τίς
1369 1866 1575 1921 τούτων
1627 1868 1717 1921 τὸν
1758 1865 1955 1939 τρόπον
1994 1904 2041 1969 Β

314 1954 327 1969 ς
372 1954 397 1969 η
462 1953 473 1969 ι
764 1954 777 1969 ι
891 1956 902 1969 .
994 1953 1087 1969 ,η
1280 1962 1306 1969 -
1457 1958 1479 1969 ..
1610 1953 1665 1969 ,μ
1762 1956 1774 1969 .
1864 1953 1881 1969 κ
1919 1957 1929 1969 ,

303 1953 779 2028 ἀνθρώπινον,καὶ
837 1956 911 2027 μὴ
952 1953 1163 2029 μᾶλλον
1214 1962 1404 2011 τοῦτον
1454 1953 1701 2026 θηριώδη
1757 1953 1961 2009 ὑπολά-

309 2036 420 2110 ϐοι,
453 2041 543 2096 διά
570 2062 629 2097 τε
656 2044 719 2098 τὸ
750 2042 900 2116 ὠμὸν
948 2045 1038 2099 καὶ
1087 2046 1148 2100 τὸ
1182 2044 1369 2121 ἄγριον
1415 2052 1517 2114 τῆς
1547 2046 1831 2119 πράξεως;
1867 2045 1964 2099 Καὶ

304 2131 413 2206 γὰρ
445 2131 535 2185 καὶ
570 2128 785 2206 δημίων
820 2132 922 2187 εἶσὶ
956 2135 1339 2211 πονηρότεροι,
1364 2134 1453 2188 καὶ
1482 2139 1592 2188 τῶν
1647 2131 1832 2187 ἄλλων
1884 2136 1964 2188 αἱ-

312 2219 509 2294 ρέσεων
540 2218 966 2296 ρολμηρότεροι·
1018 2221 1301 2294 Ἑλλήνων
1346 2225 1448 2299 γὰρ
1498 2220 1642 2277 πολὺ
1699 2220 1962 2296 δεύτεροι,

315 2304 527 2380 μᾶλλον
564 2306 734 2364 δὲκαὶ
770 2312 976 2385 μακρὰν
1010 2311 1184 2368 αὐτῶν
1233 2313 1621 2387 τυγχάνουσιν.
1664 2312 1809 2388 Ἐγὼ
1859 2313 1963 2387 γὰρ

310 2395 521 2465 ἤκουσα
569 2403 676 2453 τῶν
710 2403 979 2475 πατέρων,
1034 2402 1123 2455 καὶ
1176 2402 1363 2455 πιστὸν
1396 2404 1642 2476 ἡγοῦμαι
1678 2401 1768 2455 τὸν
1826 2399 1963 2455 ἐκεί-

312 2508 416 2541 νων
450 2484 641 2563 λόγον,
673 2487 756 2543 ὅτι
802 2490 865 2543 τὸ
911 2495 1152 2566 πρῶτον,
1204 2490 1293 2545 ὅτε
1341 2491 1533 2566 γέγονε
1562 2492 1652 2545 καὶ
1686 2490 1773 2545 ἐπὶ
1805 2490 1967 2561 Μάξι-

317 2581 493 2649 μιανῷ
545 2582 624 2649 τῷ
672 2579 880 2652 πάππῳ
931 2580 1305 2635 Κωνσταντίου
1356 2577 1639 2654 διωγμὸς,
1696 2577 1963 2649 Ἓλληνες

315 2662 577 2741 ἔκρυπτον
600 2667 728 2730 τοὺς
759 2665 1029 2748 ἀδελφοὺς
1066 2672 1252 2743 ἡμῶν,
1282 2668 1409 2730 τοὺς
1462 2668 1815 2745 Χριστιανοὺς
1871 2674 1965 2739 ζη-

312 2755 633 2827 τουμένους.
684 2756 772 2810 καὶ
817 2755 1092 2821 πολλάκις
1144 2756 1428 2813 ἀπώλεσαν
1476 2758 1629 2813 αὐτοὶ
1680 2762 1963 2834 χρήματα,

315 2841 706 2923 δεσμωτηρίων
755 2839 814 2901 τέ
866 2846 1281 2924 ἐπειράσθησαν,
1322 2846 1415 2901 ’ίνα
1468 2847 1629 2921 μόνον
1674 2852 1782 2902 τῶν
1838 2869 1963 2925 φευ-

314 2932 521 3007 γόντων
560 2937 634 3007 μὴ
671 2936 933 3011 γένωνται
969 2934 1254 3012 προδόται·
1302 2939 1378 3000 ὡς
1426 2940 1529 3015 γάρ
1578 2938 1800 2999 ἑαυτοὺς
1843 2936 1967 3017 ἐφέ-

316 3020 510 3077 λαττον
569 3024 696 3086 τοὺς
755 3026 1194 3104 προσφεύγοντας
1232 3070 1246 3094 ,
1302 3028 1391 3081 καὶ
1464 3025 1789 3081 κινδυνεύειν
1860 3027 1966 3101 πρὸ

315 3111 491 3171 αὐτῶν
526 3108 904 3170 ἐϐουλεύοντο.
930 3114 1109 3169 ’Δλλά
1134 3121 1225 3169 νῦν
1279 3117 1331 3169 οἳ
1362 3116 1661 3189 θαυμαστοὶ
1708 3117 1878 3187 οὗτοι,
1912 3117 1965 3171 οἱ

314 3204 415 3269 τῆς
470 3203 592 3265 νέας
646 3203 901 3273 αἱρέσεως
957 3203 1255 3282 ἐφενορεταί,
1307 3203 1366 3258 ἐκ
1408 3203 1641 3278 μηδενὸς
1692 3206 1875 3279 ἐτέρου
1925 3206 1960 3273 ἢ

318 3288 377 3344 ἐκ
406 3295 501 3345 τοῦ
530 3288 899 3347 ἐπιϐουλεύειν
936 3291 1444 3369 ἐπιγινωσκόμενοι,
1496 3295 1669 3349 πάντα
1710 3294 1964 3349 τάναντία
1996 3271 2037 3337 C

319 3380 664 3456 πράττουσιν.
698 3382 865 3437 Δύτοί
894 3404 953 3437 τε
982 3384 1105 3458 γὰρ,
1155 3380 1223 3437 δι’
1272 3383 1470 3438 ἑαυτῶν
1527 3381 1723 3457 δήμιοι
1771 3384 1964 3460 γιγνό-

325 3489 500 3541 μενοι,
558 3471 759 3533 πάντας
809 3476 1029 3540 ζητοῦσι
1081 3469 1462 3527 παπαδιδόναι·
1513 3473 1601 3527 καὶ
1657 3472 1785 3535 τοὺς
1839 3472 1968 3547 κρύ-

320 3579 552 3621 πτοντας
583 3554 1023 3615 ἐπιϐουλεύεσθαι
1078 3564 1348 3631 ποιοῦσιν,
1396 3559 1507 3616 ἴσον
1562 3561 1753 3638 ἐχθρὸν
1796 3560 1969 3637 ἡγού-

326 3668 481 3722 μενοι
508 3648 599 3703 τὸν
644 3670 703 3703 τε
743 3648 1051 3727 κρύπτοντα
1096 3651 1187 3704 καὶ
1234 3650 1325 3704 τὸν
1370 3650 1761 3727 κρυπτόμενον*
1798 3650 1972 3713 οὕτως

324 3737 427 3805 εἶσὶ
459 3739 730 3816 φονευταὶ,
764 3739 856 3793 καὶ
904 3741 1002 3808 τὴν
1050 3736 1226 3794 Ἰούδα
1272 3739 1537 3814 πονηρίαν
1589 3736 1867 3811 ἐζήλωσαν
1922 3740 1974 3794 οἱ

322 3830 640 3903 κακοῦργοι.

395 3920 467 3977 65
521 3923 561 3971 Κ
603 3917 616 3935 \
692 3916 705 3937 3
800 3914 823 3937 ’θ
1043 3920 1056 3938 ﬁ
1086 3919 1119 3972 ἀ
1298 3920 1345 3957 γ’
1418 3916 1441 3935 ἢ
1599 3919 1608 3937 Ι
1647 3938 1676 3951 .-

475 3963 485 3973 .
568 3939 619 3973 αι
652 3938 751 3975 ουκ
798 3938 909 3971 εστι
937 3939 1037 3973 κατ
1122 3917 1234 3989 ξίαν
1286 3940 1360 3972 ωι
1415 3934 1830 3996 οιαπρατυονται
1876 3939 1974 3973 κα-

324 4010 434 4061 κῶν
472 4005 638 4062 εἰπεῖν
671 4006 706 4075 ἢ
736 4012 900 4061 τοῦτο
945 4007 1130 4080 μόνον,
1183 4007 1267 4062 ὅτι
1315 4008 1593 4086 γράφοντά
1639 4029 1705 4082 με
1750 4008 1839 4061 καὶ
1898 4008 1979 4061 θέ-

329 4093 497 4149 λοντα
526 4093 843 4170 καταλέγειν
874 4103 975 4165 τῆς
1020 4095 1290 4171 πονηρίας
1344 4096 1560 4152 ἐκείνων
1610 4098 1703 4159 τὰς
1736 4097 1979 4174 πράξεις,

332 4184 709 4262 ὑπεισέρχεται
752 4190 920 4256 νοεῖν,
958 4187 1031 4259 μὴ
1085 4186 1188 4258 ἆρα
1227 4193 1326 4256 τῆς
1380 4185 1430 4240 ἐν
1484 4192 1605 4249 ταῖς
1653 4185 1980 4260 Παροιμίαις

335 4271 578 4349 βδέλΑης
625 4277 660 4343 ἡ
704 4274 933 4351 τετάρτη
987 4276 1228 4350 θυγάτηρ
1276 4275 1415 4329 ἐστὶν
1464 4278 1497 4345 ἡ
1564 4273 1763 4353 α’ίρεσις
1824 4275 1983 4346 αὕτη,

331 4364 455 4432 ἣτις
490 4363 624 4437 μετά
655 4364 750 4427 τὰς
797 4363 1059 4426 τοσαύτας
1112 4362 1321 4427 ἀδικίας
1378 4365 1466 4419 καὶ
1514 4366 1642 4427 τοὺς
1692 4365 1985 4427 τοσούτους

334 4451 531 4530 φόνους
569 4448 666 4508 οὸκ
720 4452 886 4527 εἶπεν,
938 4454 1144 4527 Ἀρκεῖ.
1177 4454 1297 4509 Ἔτι
1350 4456 1453 4532 γὰρ
1500 4453 1844 4509 νεανιεύεται·
1897 4455 1986 4509 καὶ

332 4540 463 4603 τοὺς
494 4543 587 4616 μὲν
644 4539 875 4616 μηδέπω
925 4543 1262 4618 γνωσθέντας
1310 4542 1446 4619 αὐτῇ
1498 4546 1847 4620 περιέρχεσαι
1898 4549 1990 4614 ζη-

2074 619 2273 685 lantia,
2329 621 2679 692 diripuerint
2735 640 3104 695 nequaquam
3172 623 3365 679 verbis
3425 625 3721 681 enuntiari

2074 713 2263 779 potest
2295 726 2307 765 :
2341 726 2540 764 eorum
2565 710 2779 782 quippe
2811 710 3126 766 crudelitas
3153 710 3723 782 omnemienarrandi

2074 796 2413 852 facultatem
2445 804 2698 869 superat.
2733 800 2982 864 Quidam
3012 800 3143 871 quis
3188 817 3289 871 pro
3326 800 3405 855 rei
3438 800 3724 871 gravitate

2072 886 2263 941 dicere
2295 892 2470 959 queat
2500 888 2527 942 ?
2556 890 2665 943 Aut
2694 891 3005 960 cujusnam
3064 889 3322 961 primum
3365 884 3725 945 mentionem

2071 975 2336 1043 faciat,ut
2367 994 2479 1031 non
2513 978 2767 1033 inveniat
2799 979 3056 1033 secunda
3086 980 3239 1035 302
3271 978 3501 1050 primis,
3536 982 3726 1051 poste-

2072 1065 2225 1120 riora
2257 1066 2529 1121 secundis
2560 1067 2873 1123 atrociora?
2903 1068 3114 1123 Omnia
3154 1069 3371 1140 quippe
3402 1085 3604 1123 eorum
3638 1069 3724 1124 fa-

2071 1154 2289 1225 cinora,
2324 1160 2379 1210 et
2409 1156 2632 1210 nefaria
2662 1162 2826 1229 gesta
2855 1157 3025 1213 caedis
3084 1162 3139 1212 et
3203 1156 3523 1229 impietatis
3552 1157 3723 1229 plena

2071 1245 2431 1315 sunt.anue
2462 1248 2602 1299 sunt
2622 1244 2705 1299 illi
2736 1246 2963 1301 vafritie
2995 1247 3230 1315 mentis,
3256 1251 3311 1302 et
3341 1262 3572 1301 morum
3603 1244 3722 1302 cal-

2070 1332 2316 1388 liditate.
2353 1337 2417 1388 ut
2450 1334 2755 1406 patrocinii
2780 1335 3725 1407 p011icitatione,pecuniarumque

2069 1422 2423 1495 erogatione,
2465 1423 2730 1495 decipere
2775 1429 3045 1497 satagant
3079 1451 3092 1493 ;
3126 1430 3189 1480 ut
3239 1424 3723 1497 quandoquidem

2070 1529 2184 1567 non
2214 1529 2284 1568 ex
2313 1529 2477 1584 teque
2510 1517 2566 1568 et
2595 1513 2749 1568 bono
2790 1514 3357 1569 commendationem
3388 1513 3721 1576 habent.vel

2070 1601 2205 1656 hinc
2272 1601 2481 1656 saltem
2555 1601 3015 1673 simplicioribus
3086 1604 3406 1660 obtendant
3467 1604 3721 1675 speciem

2070 1690 2390 1761 quamdam
2422 1691 2752 1763 dignitatis.

2139 1778 2229 1832 64.
2261 1778 2401 1841 Quis
2434 1780 2627 1850 itaque
2654 1779 2763 1835 ilos
2794 1780 2882 1835 vel
2914 1780 3180 1836 ethnicos
3212 1781 3367 1836 ultra
3408 1799 3719 1854 nuncupa-

2072 1866 2166 1937 rit,
2202 1869 2419 1923 nedum
2452 1868 2813 1925 Christianos
2845 1869 2872 1923 ?
2903 1871 3003 1941 qui
3036 1870 3248 1925 horum
3282 1871 3721 1939 mores,huma-

2075 1973 2203 2021 nos,
2236 1960 2291 2011 et
2321 1974 2433 2012 non
2465 1958 2660 2029 potius
2691 1958 2907 2013 ferinos
2941 1959 3273 2028 arbitretur,
3308 1964 3620 2032 conspecta
3649 1961 3727 2015 fa-

2075 2044 2340 2101 cinorum
2402 2047 2742 2102 crudelitate
2802 2047 3268 2120 ferocitateque?
3300 2048 3522 2103 Etenim
3580 2048 3726 2120 ipsis

2074 2134 2449 2189 carniﬁcibus
2479 2135 2879 2205 immaniores,
2916 2136 3165 2208 aliisque
3196 2138 3488 2193 haereticis
3546 2138 3725 2194 auda-

2075 2222 2258 2278 ciores
2289 2228 2428 2279 sunt
2463 2242 2475 2278 :
2504 2225 2643 2289 imo,
2676 2224 2927 2280 ethnicis
2959 2225 3107 2297 ipsis
3140 2226 3325 2281 multo
3384 2227 3722 2299 deteriores,

2077 2312 2149 2366 ab
2182 2312 2440 2385 illisque,
2474 2318 2539 2367 ut
2569 2330 2701 2369 vere
2732 2314 3329 2387 dicatur,longissime
3360 2316 3724 2370 distant.Au-

2078 2401 2191 2456 divi
2220 2402 2375 2456 enim
2410 2402 2726 2473 apatribus
2783 2404 3117 2475 (veramque
3176 2420 3300 2458 rem
3360 2404 3632 2471 arbitror)
3664 2403 3725 2458 in

2074 2491 2373 2561 superiore
2400 2492 2508 2546 sub
2538 2491 2889 2548 Maximiano
2922 2493 3243 2547 Constantii
3304 2509 3409 2547 avo
3454 2508 3727 2564 persecu-

2072 2578 2247 2648 tione,
2277 2579 2541 2636 ethnicos
2573 2581 2897 2637 occultasse
2928 2582 3136 2636 fratres
3180 2585 3411 2636 nostros
3444 2582 3725 2638 Christia-

2075 2684 2202 2733 nos,
2252 2668 2392 2723 dum
2451 2669 2927 2741 inquirerentur:
2977 2688 3042 2725 ac
3096 2670 3443 2742 plerumque
3475 2671 3728 2743 pecunia

2076 2755 2379 2825 multatos,
2413 2760 2749 2831 carcerique
2781 2760 3144 2831 mancipatos
3197 2759 3397 2815 fuisse.
3432 2776 3498 2815 eo
3529 2759 3723 2816 solum

2078 2849 2141 2900 ut
2172 2862 2243 2901 ne
2276 2848 2654 2919 profugorum
2675 2848 2999 2920 proditores
3013 2853 3228 2905 essent.
3253 2849 3535 2921 Profugos
3566 2850 3725 2903 enim

2075 2935 2276 2990 eadem
2302 2953 2415 3007 qua
2443 2937 2666 3008 seipsos
2697 2938 2809 2993 fide
2827 2939 3350 3011 servabant.neque
3379 2938 3728 2994 dubitabant

2075 3039 2202 3078 sese
2234 3023 2467 3079 illorum
2500 3042 2677 3081 causa
2708 3027 2981 3099 periculis
3014 3028 3317 3083 oli‘erre.At
3346 3043 3502 3081 nunc
3535 3025 3723 3081 admi-

2074 3113 2241 3167 randi
2274 3112 2358 3167 illi
2392 3131 2547 3169 novae
2594 3114 2829 3171 heresis
2864 3116 3192 3171 inventores
3251 3115 3411 3170 nulla
3468 3114 3581 3169 alia
3640 3131 3720 3183 re,

2074 3216 2251 3271 quam
2284 3202 2515 3257 insidiis
2554 3203 2828 3273 celebres,
2864 3221 3032 3259 secus
3064 3205 3263 3259 omnia
3319 3208 3501 3276 agunt
3533 3225 3546 3271 ς
3581 3219 3721 3259 nam

2076 3289 2189 3361 ipsi
2218 3290 2369 3345 ultro
2402 3292 2702 3347 carniﬁces
2744 3293 2953 3363 effecti,
3006 3310 3211 3349 omnes
3268 3294 3514 3367 prodere
3570 3310 3724 3364 quae-

2080 3383 2262 3434 runt:
2296 3380 2845 3452 occultantibusque
2892 3381 3137 3437 insidias
3195 3387 3425 3454 parant,
3490 3382 3599 3437 rati
3626 3399 3725 3437 oc-

2078 3466 2397 3524 cultantem
2432 3470 2671 3542 perinde
2728 3475 2900 3541 atque
2951 3471 3305 3526 occultatum
3362 3470 3477 3526 sibi
3526 3470 3725 3526 inimi-

2080 3574 2213 3612 cum
2255 3573 2383 3612 esse
2418 3574 2430 3612 :
2463 3557 2545 3612 ita
2576 3557 2936 3630 sanguinarii
2995 3562 3052 3612 et
3108 3557 3414 3613 homicidae
3446 3560 3603 3627 sunt,
3646 3557 3730 3612 ita

2084 3645 2169 3702 vel
2201 3647 2389 3719 ipsam
2428 3646 2594 3702 Judaa
2629 3646 3053 3719 malignitatem
3080 3645 3432 3702 aemulantur
3463 3644 3728 3703 scelerati
3766 3646 3769 3655 ¹

2085 3733 2188 3790 illi.

2158 3914 2367 3970 65.Nec
2398 3931 2501 3986 pro
2534 3914 2614 3969 rei
2646 3915 2934 3987 gravitate
2966 3918 3217 3987 possunt
3246 3930 3449 3971 eorum
3481 3913 3739 3969 facinora

2088 4004 2337 4071 narrari,
2371 4004 2479 4059 nisi
2515 4004 2623 4059 hoc
2666 4003 2855 4059 solum
2888 4005 3244 4075 modo,quod
3281 4003 3428 4058 mihi
3459 4003 3741 4058 scribenti

2089 4110 2409 4165 eorumque
2440 4094 2662 4149 nefaria
2691 4098 2855 4166 gesta
2886 4110 3185 4149 recensere
3217 4092 3454 4163 volenti,
3490 4096 3550 4147 in
3574 4108 3738 4147 men-

2092 4190 2210 4240 tem
2243 4184 2401 4238 subit
2434 4201 2445 4250 ;
2482 4200 2632 4237 anne
2666 4183 3040 4255 sanguisuga:-
3072 4184 3144 4237 de
3176 4199 3293 4254 qua
3324 4182 3383 4237 in
3416 4180 3742 4237 Proverbiis

2094 4278 2303 4345 quarta
2333 4271 2452 4327 ﬁlia
2484 4271 2559 4326 sit
2588 4272 2710 4327 hanc
2762 4271 3019 4340 hazresis,
3073 4289 3199 4342 quae
3232 4274 3363 4344 post
3410 4275 3495 4325 tot
3550 4270 3742 4325 illatas

2096 4361 2365 4433 injurias,
2402 4365 2532 4432 post
2560 4364 2645 4415 tot
2674 4364 2936 4432 patratas
2994 4361 3201 4427 caedes,
3263 4360 3525 4415 nondum
3573 4358 3742 4425 dixit,

2098 4448 2683 4507 Sufficit.Etiamnum
2717 4448 2931 4521 quippe
2963 4447 3455 4515 ferocit,bomines
3480 4447 3744 4501 nondum

2102 4540 2211 4596 sibi
2243 4544 2410 4594 notos
2460 4538 2850 4610 per-{uirendo
2912 4537 3383 4592 circumcursat:
3416 4553 3564 4607 quos
3613 4551 3746 4590 vero

332 4635 542 4702 τοῦσα,
603 4631 694 4695 οὓς
746 4629 803 4686 δὲ
848 4630 1069 4711 ἔφθασεν
1134 4629 1387 4702 ἀδικῆσαι
1423 4677 1436 4702 ,
1490 4630 1655 4689 πάλιν
1716 4630 1973 4687 ἐπαδικεῖη

2091 4628 2445 4703 jampridem
2466 4628 2699 4698 injuriis
2724 4626 3106 4693 aﬂ'ecit,novis
3131 4627 3255 4697 jam
3274 4625 3513 4697 injuriis
3539 4640 3745 4697 aggre-

336 4718 627 4790 σπουδάζει
661 4765 673 4778 .
728 4719 869 4776 Ἰδοὺ
918 4722 1022 4799 γάρ
1072 4722 1206 4795 μετά
1254 4723 1353 4792 τὴν
1404 4722 1721 4797 νυκτερινὴν
1774 4718 1990 4801 ἔφοδον,

340 4812 476 4883 μετά
504 4811 572 4865 τά
602 4809 653 4881 ἐξ
679 4810 845 4880 αὐτῆς
906 4811 1175 4886 γενόμενα
1220 4812 1379 4881 κακά,
1435 4812 1570 4886 μετά
1598 4813 1687 4865 τὸν
1736 4808 1805 4866 δι’
1834 4818 1991 4886 Ἠρα-

336 4897 530 4954 κλείου
584 4899 879 4975 γενόμενον
940 4897 1210 4975 διωγμὸν,
1260 4899 1426 4955 πάλιν
1478 4900 1539 4955 ού
1586 4900 1847 4955 παύονται
1878 4899 1993 4955 δια-

340 4983 648 5052 ϐάλλοντες
712 4987 973 5064 βασιλεῖ·
1031 4990 1290 5067 θαρροῦσι
1346 4993 1449 5068 γὰρ
1525 4990 1601 5051 ὡς
1679 4985 1996 5051 ἀσεϐοῦντες

342 5076 785 5134 ἀλούονται·’ίνα
813 5076 982 5134 πλέον
1036 5100 1088 5133 τι
1138 5084 1236 5133 τοῦ
1286 5079 1574 5154 ἐξοριςμοῦ
1622 5080 1867 5155 γένηται,
1908 5079 1998 5133 καὶ

341 5169 403 5222 τὸ
448 5166 641 5222 λοιπὸν
704 5169 755 5222 οἱ
815 5170 890 5242 μὴ
952 5168 1267 5243 πειθόμενοι
1322 5174 1441 5231 ταῖς
1500 5163 1767 5231 ἀσεϐείαις
1824 5167 1997 5223 αὐτῶν

347 5256 694 5332 ἀναιρῶνται.
732 5257 887 5312 Οὕτω
918 5260 1021 5335 γὰρ
1059 5259 1149 5313 καὶ
1197 5264 1289 5313 νῦν
1336 5257 1863 5334 καταθρασυνόμενοι
1901 5264 1998 5312 Σε-

346 5343 573 5409 κοῦνδος
602 5347 695 5421 μὲν
730 5349 757 5403 ὁ
789 5348 1156 5423 παγκάκιστος
1208 5344 1638 5419 Πενταπολίτης,
1691 5348 1780 5401 καὶ
1817 5348 1844 5400 ὁ
1875 5346 2000 5401 τού-

420 5474 465 5509 ³³
493 5478 662 5532 Prov.
694 5492 824 5547 xxx,
859 5477 945 5532 15.

396 5598 538 5680 ’(38)
568 5597 819 5682 ᾋρτοῦς,
851 5601 1149 5682 vertimus
1159 5616 1337 5682 panes
1393 5616 1507 5655 non
1539 5604 1714 5682 artus,
1764 5602 1825 5654 ut
1853 5599 2007 5682 Nan-

350 5670 608 5755 niusest
636 5670 1071 5755 interpretatus.
1108 5670 1179 5728 Et
1206 5689 1352 5754 vero.
1375 5688 1490 5755 non
1520 5672 1917 5755 semel-panes
1940 5670 2005 5747 ἀρ

346 5760 436 5797 τοι
468 5740 540 5800 ab
573 5740 811 5800 Arianis
829 5745 1252 5801 Arianorumve
1276 5743 1566 5801 ministris
1597 5740 1755 5819 rapti
1784 5740 2005 5801 meme-

685 5869 951 5935 ΡΑτιιοι..
998 5871 1110 5937 Gn.
1155 5870 1343 5935 XXV.

2104 4719 2281 4773 ditur.
2315 4717 2408 4771 Nae
2441 4716 2525 4771 illi
2577 4720 2710 4788 post
2763 4720 3110 4771 nocturnam
3173 4715 3560 4785 invasionem,
3620 4716 3756 4785 post

2105 4807 2259 4862 mala
2289 4825 2415 4878 quae
2446 4806 2580 4861 inde
2612 4809 2927 4861 consecuta
2957 4808 3259 4876 sunt,post
3289 4804 3756 4876 persecutionem

2106 4897 2177 4953 ab
2207 4896 2469 4951 Heraclio
2502 4896 2736 4961 factam,
2759 4912 2873 4949 non
2897 4898 3129 4948 cessant
3159 4894 3313 4963 apud
3345 4893 3757 4963 imperatorem

2106 4985 2476 5042 calumniari.
2508 4983 2823 5038 Confidunt
2853 4982 3033 5051 enim,
3067 4998 3201 5037 cum
3235 4982 3435 5053 impiis
3466 4980 3590 5037 suis
3620 4996 3756 5035 con-

2108 5075 2257 5131 siliis
2290 5090 2522 5146 semper
2543 5090 2743 5128 aurem
2777 5072 2873 5127 ille
2906 5072 3424 5143 praebeat,gravius
3454 5069 3775 5143 quidpiam,

2110 5164 2315 5221 exsilio
2365 5166 2651 5224 futurum.
2687 5180 2750 5217 ac
2782 5163 3056 5232 deinceps
3088 5161 3188 5232 qui
3222 5158 3759 5232 suisimpietatihus

2111 5272 2226 5310 non
2261 5251 2736 5324 obtemperarint,
2771 5250 3209 5305 obtruncaudos
3240 5266 3387 5305 esse.
3439 5250 3605 5305 Certe
3633 5248 3761 5318 jam

2113 5359 2358 5399 summie
2390 5342 2496 5397 viri
2519 5340 2772 5396 audaciae
2803 5339 3109 5394 Secundus
3142 5338 3620 5411 Pentapolitanus
3642 5350 3763 5392 sce-

2116 5599 2368 5673 rantur:
2405 5592 2487 5649 sic
2646 5591 2899 5673 Apulum:
2925 5592 3077 5673 (apd,
3388 5589 3459 5643 Et
3505 5588 3565 5641 in
3596 5586 3765 5659 Ερίε..

2116 5666 2406 5740 encyclz'c.,
2440 5682 2496 5738 p.
2528 5665 2617 5719 91.
2646 5662 2789 5719 Vide
2816 5663 2877 5718 in
2910 5662 3213 5718 Athanasii
3248 5662 3367 5718 Vita
3393 5676 3590 5732 supra.

3380 5861 3456 5925 25
