4132 6416
331 435 470 498 ’771

895 434 962 497 S.
1009 432 1437 499 ATHANASII
1480 431 1655 498 OPP.
1699 429 1902 496 PARS
1945 432 2105 495 1.-
2133 430 2556 498 HISTORICA
2595 431 2698 498 ET
2740 430 3228 500 DOGMATICA.

3647 433 3773 497 ’7⁸12

356 568 772 639 leratissimus,
803 570 1049 643 ejusque
1078 569 1501 643 conjurationis
1533 568 1726 625 socius
1756 566 2004 640 Stepha-

2117 586 2214 620 του
2245 565 2572 640 συνωμότης
2601 567 2894 646 Στέφανος,
2929 565 3154 642 εἰδότες,
3186 565 3293 640 ὅτι,
3330 563 3427 622 κᾶν
3482 562 3769 639 ἀδικῶσιν,

357 677 492 730 nus,
523 659 691 733 gnari
721 673 804 730 se,
838 659 1218 732 quantumvis
1246 658 1496 732 injurias
1523 657 1798 724 inferant,
1831 655 2009 712 haere-

358 748 472 806 sim
526 765 756 823 semper
783 765 888 822 pro
937 749 1274 806 defensione
1317 765 1428 805 sua
1483 746 1836 815 habituros;
1870 762 2007 802 cum

357 839 912 912 presbyterumfnon
943 838 1056 895 εὼί
1087 840 1508 911 obsequentem
1561 837 1622 892 in
1678 837 1860 893 Barca
1890 850 2012 892 cer-

355 932 582 995 nerent,
614 928 951 984 Secundum
981 925 1526 1000 nomine,gentilem
1560 925 1802 999 quidem
1832 925 2010 982 haere-

353 1016 476 1086 tici,
509 1017 612 1073 sed
643 1033 758 1073 non
789 1017 1055 1089 ejusdem
1085 1017 1243 1085 ﬁdei,
1276 1016 1632 1072 calcitrando
1687 1015 1880 1071 virum
1911 1030 2005 1070 oc-

353 1105 750 1162 ciderunt.[lle
769 1121 906 1162 vero
927 1106 1070 1162 dum
1097 1109 1424 1174 necaretur,
1443 1108 1714 1162 sanctum
1743 1103 2008 1159 imitatus

354 1195 549 1252 aiebat
579 1194 800 1268 {Nemo
832 1211 925 1252 me
955 1195 1111 1268 apud
1133 1195 1368 1266 judices
1400 1193 1721 1251 ulciscatur
1756 1191 2007 1248 ultorem

351 1283 540 1341 habeo
568 1284 905 1355 Dominum,
937 1286 1110 1356 cujus
1141 1301 1318 1340 causa
1373 1283 1495 1339 haec
1527 1284 1599 1340 ab
1645 1282 1765 1338 illis
1795 1282 2006 1356 patior.

350 1376 426 1432 At
453 1373 540 1430 illi
571 1390 758 1447 neque
787 1374 912 1430 haec
949 1375 1244 1430 dicentem
1304 1373 1566 1429 miserati
1625 1376 1783 1443 sunt,
1816 1387 2008 1443 neque

350 1463 536 1520 ullam
548 1479 751 1521 eorum
768 1464 999 1520 dierum
1031 1462 1413 1520 reverentiam
1435 1459 1858 1528 habuerunt,in
1879 1461 2009 1532 ipsa

351 1553 1063 1627 quippeZQuadragesima
1089 1551 1392 1608 hominem
1426 1550 1784 1608 calcitrando
1825 1549 2008 1605 inter-

347 1644 636 1700 fecerunt.

419 1735 511 1790 66.
543 1735 589 1789 Ο
618 1745 829 1789 novam
877 1730 1146 1788 haeresim
1204 1746 1331 1802 quae
1361 1729 1665 1802 impietate
1721 1732 1778 1784 et
1826 1727 2009 1799 gestis

353 1823 483 1880 suis
511 1826 702 1879 totum
731 1820 927 1877 induit
957 1819 1256 1876 diabolum
1286 1819 1299 1875 l
1335 1835 1474 1875 nam
1534 1833 1691 1874 nunc
1747 1817 2006 1891 primum

355 1911 502 1969 illud
537 1910 678 1968 mali
718 1909 1110 1983 excogitatum
1141 1913 1270 1966 est:
1303 1909 1462 1981 quod
1494 1907 1544 1963 si
1601 1907 1703 1979 qui
1761 1906 2006 1962 antehac

353 2017 484 2060 eam
517 2005 711 2075 mente
741 1998 1076 2071 concepisse
1129 1998 1487 2063 viderentur,
1545 2001 1606 2052 at
1653 1996 2004 2052 sententiam

351 2089 440 2147 illi
479 2106 650 2147 suam
681 2087 1071 2146 occultabant.
1102 2087 1392 2144 Eusebius
1449 2090 1642 2142 autem
1695 2089 1754 2140 et
1807 2085 2001 2154 Arius,

351 2179 532 2236 veluti
563 2182 865 2251 serpentes
884 2193 915 2233 e
945 2176 1209 2233 cavernis
1240 2175 1651 2249 egressi,virus
1681 2174 2004 2246 impietatis

353 2269 600 2340 hujusce
623 2283 932 2324 evomuere
963 2283 976 2322 :
1009 2266 1182 2322 Arius
1212 2269 1410 2339 aperte
1430 2262 1880 2337 blasphemandi
1906 2279 2006 2318 au-

352 2359 582 2414 daciam
613 2357 893 2430 suscepit,
923 2355 1216 2412 Eusebius
1271 2353 1512 2410 haeresis
1561 2352 1953 2426 patrocinium
1987 2369 2001 2421 ;

346 2449 450 2506 sed
482 2464 601 2504 non
632 2450 765 2504 ante
793 2444 976 2502 valuit
1017 2444 1222 2501 haeresi
1270 2443 1646 2515 patrocinari,
1684 2457 1883 2515 quam.
1919 2439 2005 2497 uti

352 2555 534 2612 supra
560 2537 700 2610 dixi,
731 2535 1144 2609 imperatorem
1175 2536 1488 2606 patronum
1509 2533 1640 2604 ejus
1666 2534 1873 2586 nactus
1907 2530 2002 2587 sit.

352 2627 553 2685 Patres
581 2626 778 2698 itaque
825 2623 1012 2681 nostri
1069 2622 1491 2679 oecumenicam
1535 2620 1827 2693 synodum
1859 2618 2004 2676 cele-

354 2719 622 2788 brarunt,
655 2715 809 2772 808
841 2712 1142 2784 coactique
1180 2711 1314 2784 plus
1371 2709 1569 2766 minus
1611 2709 1854 2766 trecenti
1905 2725 2008 2764 nu-

356 2822 540 2875 mero,
572 2804 849 2862 Arianam
876 2803 1234 2858 damnarunt
1262 2799 1554 2866 haeresim,
1602 2797 2007 2854 declararunt-

359 2913 476 2970 que
505 2893 870 2970 peregrinam
903 2895 961 2948 et
991 2890 1240 2946 alienam
1293 2905 1423 2946 eam
1470 2903 1599 2944 esse
1630 2888 1705 2943 ab
1735 2886 2009 2944 ecclesia-

353 2985 504 3045 stica
533 2985 666 3041 ﬁde.
699 2980 936 3038 Patroni
969 2982 1164 3036 autem
1193 2977 1356 3034 illius
1385 2993 1518 3034 cum
1551 2993 1680 3034 sese
1708 2976 2010 3049 conspice-

356 3080 487 3133 rent
540 3073 602 3131 in
659 3088 875 3145 magna
929 3068 1295 3142 turpitudine
1364 3067 1604 3136 versari,
1659 3064 2009 3138 nullumque

358 3165 696 3238 suppeteret
741 3159 1072 3233 legitimum
1129 3160 1570 3230 argumentum,
1624 3153 1800 3212 aliam
1851 3155 2008 3211 viam

362 3253 786 3326 excogitarunt,
819 3266 886 3307 ac
906 3265 1011 3322 per
1039 3250 1336 3304 externam
1388 3244 1795 3302 auctoritatem
1824 3244 2004 3302 haere-

2118 651 2309 732 ἕχουσι
2336 657 2474 733 πρὸς
2505 654 2808 733 ἀπολογίαν
2855 659 2956 728 τὴν
3006 655 3232 734 α’ίρεσιν·
3290 653 3478 727 ἐπειδὴ
3533 658 3609 730 μὴ
3650 676 3771 712 πει-

2116 745 2342 818 θόμενον
2377 745 2560 810 αὐτοῖς
2593 746 2644 802 ἐν
2694 748 2872 824 Βάρκῃ
2915 742 3280 824 πρεσϐύτερον
3331 746 3629 822 ἑωράκασι*
3675 751 3776 802 Σεο

2115 834 2343 899 κοῦνδος
2374 833 2432 892 δὲ
2471 834 2740 906 ἐκαλεῖτο,
2793 837 3090 911 ὁμώνυμος
3138 838 3259 911 μὶν,
3309 834 3418 912 οὐχ
3469 834 3776 909 ὁμόπιστος

2117 921 2176 980 δὲ
2201 929 2282 998 τῷ
2329 926 2604 1000 αἱρετικῷι
2659 927 2971 982 ἀπέκτειναν
3026 925 3388 999 λακτίσμασιν
3435 923 3619 982 αὐτόν.
3668 925 3771 980 Καὶ

2117 1016 2146 1070 6
2180 1016 2273 1089 μὲν
2309 1015 2698 1092 ἀναιρούμενος
2749 1015 3000 1091 ἐμιμεῖτο
3054 1017 3145 1072 τὸν
3180 1017 3359 1091 ἅγιον,
3391 1012 3594 1091 λέγων·
3646 1019 3773 1085 Μη-

2117 1101 2229 1168 δείς
2262 1125 2329 1178 με
2355 1107 2504 1180 παρά
2533 1103 2810 1168 δικασταῖς
2842 1102 3144 1162 έκδικείτωο
3196 1102 3312 1181 ἔχω
3351 1105 3442 1160 τὸν
3494 1101 3773 1160 ἐκδικοῦν-

2113 1196 2182 1249 τά
2217 1215 2284 1268 με
2315 1193 2510 1272 Κύριον
2541 1198 2675 1270 (30),
2708 1193 2778 1251 δι’
2825 1195 2884 1251 ’ὃν
2932 1196 3024 1251 καὶ
3069 1198 3238 1250 ταῦτα
3281 1195 3483 1270 πάσχω
3512 1195 3642 1270 παρ’
3672 1193 3774 1250 αὖ-

2114 1289 2244 1340 τῶν.
2297 1286 2361 1340 Οἱ
2410 1283 2467 1341 δὲ
2516 1284 2637 1341 οὔτε
2686 1283 2920 1361 λέγοντα
2965 1283 3191 1357 ἠλέουν,
3241 1281 3365 1339 οὗτε
3409 1284 3509 1347 τὰς
3554 1285 3772 1360 ἡμέρας

2119 1372 2518 1430 ἐδυσωποῦντο.
2567 1375 2616 1430 ἐν
2652 1374 2788 1449 αὐτῇ
2841 1376 2946 1450 γὰρ
2985 1377 3056 1448 τῇ
3108 1377 3526 1452 Τεσσαρακοστῇ
3578 1370 3772 1428 λακτί-

2120 1468 2300 1533 ζοντες
2333 1465 2643 1520 ἀπέκτειναν
2675 1465 2765 1520 τὸν
2801 1461 3103 1539 ἄνθρωπον.

2186 1735 2274 1790 66.
2308 1738 2371 1788 Ὢ
2400 1738 2593 1803 καινῆς
2624 1733 2904 1806 αἱρέσεως,
2937 1729 3066 1788 ὅλον
3099 1729 3466 1806 ένδυσαμένης
3513 1732 3604 1788 τὸν
3651 1728 3770 1788 διά-

2116 1816 2282 1877 ϐολον
2316 1820 2370 1876 ἐν
2414 1817 2631 1894 ἀσεϐείᾳ
2677 1823 2768 1876 καὶ
2813 1821 3003 1898 πράξει
3038 1822 3051 1878 !
3086 1818 3206 1896 ἄρτι
3253 1822 3359 1898 γὰρ
3410 1825 3628 1898 πρῶτον
3681 1819 3777 1877 έπ-

2118 1912 2311 1982 ενοήθη
2343 1915 2507 1965 τοῦτο
2537 1911 2600 1966 τὸ
2623 1910 2809 1966 κακόν.
2843 1910 2908 1966 Εἰ
2958 1908 3016 1965 δὲ
3061 1909 3152 1967 καὶ
3199 1929 3342 1973 τινες
3390 1907 3609 1966 ἐδόκουν
3642 1910 3777 1965 ποτὶ

2114 2001 2240 2074 περί
2272 1999 2442 2069 αὐτῆς
2475 1997 2808 2076 λογίζεσθαι,
2851 1997 2979 2054 ἀλλ’
3023 1996 3288 2077 ἔκρυπτον
3337 2000 3430 2055 καὶ
3481 1997 3772 2057 ἐλάνθανον

2114 2095 2283 2145 ταῦτα
2312 2094 2626 2169 φρονοῦτες.
2659 2089 2920 2152 Εὐσέοιος
2968 2087 3026 2145 δὲ
3074 2089 3165 2144 καὶ
3220 2096 3461 2165 νΑρειος,
3514 2089 3588 2152 ὡς
3622 2085 3775 2168 ὄφεις

2115 2177 2420 2250 ἐξελθόντες
2453 2179 2557 2234 ἀπὸ
2610 2176 2851 2258 φωλεοῦ,
2883 2179 2974 2234 τὸν
3009 2178 3088 2234 ίὸν
3118 2185 3220 2249 τῆς
3273 2173 3522 2242 ἀσεϐείας
3567 2179 3774 2250 ταύτης

2116 2268 2401 2342 ἐξήμεσαν’
2436 2267 2527 2322 καὶ
2559 2269 2586 2323 6
2624 2268 2716 2342 μὶν
2751 2268 2969 2344 Ἀρειος
3011 2268 3113 2337 τήν
3163 2271 3263 2322 τοῦ
3316 2265 3662 2345 βλασφημεῖν
3715 2267 3777 2324 ἐκ

2115 2361 2347 2434 φανεροῦ
2375 2353 2594 2429 τόλμην
2629 2353 2931 2426 ἀνεδέξατο·
2968 2356 2996 2410 6
3029 2353 3088 2411 δὲ
3117 2349 3378 2418 Εὐσέϐιος
3422 2356 3522 2424 τὴν
3567 2354 3775 2427 ταύτης

2113 2446 2442 2524 προστασίαν
2471 2447 2482 2502 ί
2518 2443 2646 2500 ἀλλ’
2692 2445 2754 2500 οὐ
2785 2444 3047 2522 πρότερον
3081 2441 3274 2521 ἴσχυσε
3318 2451 3622 2519 προστῆναι
3666 2451 3770 2516 τῆς

2115 2537 2397 2613 αἱρέσεως,
2430 2535 2476 2590 εἰ
2530 2537 2629 2609 μὴ,
2663 2536 2799 2590 καθᾶ
2845 2540 3129 2608 προεῖπον,
3187 2533 3418 2610 βασιλέα
3465 2533 3589 2608 εὗρε
3631 2554 3772 2612 προ-

2115 2625 2312 2695 στάτην
2341 2623 2637 2696 ταύτης.οἱ
2673 2624 2766 2697 μὲν
2799 2622 2890 2680 οὖν
2924 2624 3158 2701 Πατέρες
3190 2626 3353 2698 ἡμῶν
3386 2623 3773 2697 οἶκουμενικήν

2116 2711 2338 2770 σύνοδον
2407 2715 2759 2785 πεποιήκασι,
2813 2714 2904 2768 καὶ
2960 2713 3264 2789 τριακόσιοι
3321 2715 3433 2788 (40)
3491 2711 3682 2769 πλεῖον
3734 2713 3773 2785 ἢ

2117 2799 2340 2859 ἔλαττον
2372 2801 2718 2865 συνελθόντες
2768 2803 3084 2879 κατέκριναν
3133 2803 3234 2872 τὴν
3286 2803 3572 2879 ’Δρειανήν
3622 2800 3774 2880 α’ίρε-

2117 2915 2198 2949 σιν
2235 2937 2250 2964 ,
2297 2892 2390 2949 καὶ
2444 2893 2786 2971 ἀπεφήναντο
2842 2893 3039 2956 πάντες
3099 2890 3395 2968 ἀλλοτρίαν
3455 2891 3623 2962 αὐτὴν
3680 2890 3774 2947 καὶ

2118 2983 2269 3055 ξένην
2327 2989 2427 3052 τῆς
2505 2979 2962 3056 ἐκκλησιαπικῇς
3037 2981 3274 3044 πίστεως
3350 2980 3485 3036 εἶναι
3518 3021 3532 3036 .
3595 2980 3660 3035 Οἳ
3716 2978 3775 3036 δὲ

2117 3073 2415 3150 προστάται
2442 3069 2666 3142 ταύτης,
2718 3072 2951 3148 ὁρῶντες
2999 3069 3222 3134 ἑαυτοὺς
3271 3067 3466 3126 λοιπὸν
3514 3071 3777 3147 ἀσχημο-

2117 3167 2362 3234 νοῦντας,
2392 3161 2484 3216 καὶ
2519 3157 2688 3234 μηδὲν
2721 3157 2950 3237 εὔλογον
2983 3156 3235 3237 ἔχοντας,
3270 3157 3449 3232 ἄλλην
3501 3157 3626 3215 ὁδὸν
3677 3156 3778 3215 ἒπ-

2123 3252 2370 3325 ενόησαν,
2418 3250 2509 3306 καὶ
2559 3247 2649 3306 διὰ
2694 3252 2808 3325 (41)
2855 3257 2954 3320 τῆς
3005 3245 3194 3321 ἔξωθεν
3245 3249 3488 3322 ἐξουσίας
3539 3245 3772 3305 ἐκδικεῖν

362 3343 476 3402 sim
504 3317 801 3398 vindicare
829 3337 1021 3394 conati
1055 3340 1213 3398 sunt.
1245 3335 1369 3400 Qua
1395 3335 1454 3390 in
1487 3351 1548 3390 re
1579 3335 1770 3407 magis
1791 3334 2006 3408 magis-

2120 3317 2322 3412 ταύτην
2357 3317 2758 3417 έπεχείρησάν.
2790 3317 2927 3418 ’Ἐφά
2975 3317 3297 3414 ᾤ’μᾶλλονγ
3341 3337 3402 3394 ἄν
3457 3359 3544 3402 τις
3593 3338 3772 3395 αὐτῶν

361 3448 474 3506 que
504 3429 792 3488 admirere
820 3443 1023 3484 eorum
1057 3424 1341 3499 propositi
1397 3422 1777 3480 insolentiam
1834 3423 2004 3480 mali-
2043 3424 2046 3427 ’

353 3522 618 3594 tiamque
642 3521 700 3575 et
729 3519 1089 3590 quantopere
1112 3514 1198 3570 illi
1229 3513 1375 3571 alias
1425 3517 1706 3587 superent
1735 3513 2009 3571 haereses.

351 3609 615 3668 Aliarum
645 3607 863 3680 quippe
891 3605 1181 3662 hzeresum
1219 3609 1898 3674 commenta,earumque
1928 3603 2011 3659 in-

351 3699 522 3758 sania
548 3698 608 3754 in
648 3695 966 3754 calliditate
993 3695 1304 3752 verborum
1335 3693 1448 3750 sita
1467 3693 1655 3761 est,ad
1683 3692 2008 3765 simplicio-

354 3804 450 3847 res
482 3786 878 3861 decipiendos.
911 3785 979 3841 Et
1007 3783 1188 3841 Graeci
1247 3771 1508 3856 quidem,
1542 3786 1608 3837 ut
1656 3781 1739 3838 ait
1765 3784 2009 3856 Aposto-

351 3876 906 3944 lus”.sublimitate,
954 3877 1012 3931 et
1041 3872 1283 3930 suadela
1309 3872 1647 3940 verborum,
1677 3871 2004 3944 sephisma-

353 3967 519 4024 tibus
549 3964 985 4023 verosimilibus
1041 3963 1289 4020 suadere
1345 3965 1601 4017 curant:
1634 3960 1823 4016 Judaei
1869 3978 2006 4018 vero

355 4055 621 4113 dimissis
655 4053 869 4109 divinis
897 4051 1240 4125 Scripturis,
1293 4050 1502 4122 fabulis
1558 4054 1611 4106 et
1664 4051 2007 4122 genealogiz's

353 4144 735 4203 interminum
762 4142 1124 4199 contendunt
1149 4141 1194 4176 ⁸⁷
1229 4157 1242 4196 :
1278 4139 1580 4196 Manichazi
1636 4143 1694 4196 et
1745 4140 2004 4197 Valenti-

353 4234 536 4303 niani,
558 4233 778 4305 aliique
808 4247 946 4288 cum
974 4229 1094 4287 illis
1122 4229 1349 4286 divinas
1407 4229 1742 4302 Scripturas
1781 4229 2005 4286 adulte-

351 4329 572 4394 rantes,
628 4321 754 4380 suis
805 4320 1068 4377 confictis
1124 4318 1716 4376 sermocinationibus
1771 4319 2002 4376 fabulas

349 4418 591 4472 narrant
621 4430 634 4470 :
667 4411 867 4469 Ariani
899 4426 1032 4468 vero
1063 4408 1192 4466 aliis
1209 4409 1485 4466 omnibus
1514 4408 1838 4465 haeresibns
1861 4412 2005 4466 sunt

349 4504 713 4576 audaciores,
746 4518 962 4574 easque
1014 4499 1271 4556 minores
1301 4515 1442 4556 suas
1470 4514 1599 4556 esse
1643 4515 1872 4556 sorores
1903 4499 2000 4555 de-

352 4594 595 4660 clarant,
627 4593 967 4665 majoreque
997 4605 1174 4662 quam
1207 4587 1318 4644 illa:
1352 4591 1493 4644 sunt
1547 4587 1869 4661 impietate,
1912 4589 1997 4644 uti

2118 3433 2411 3506 Θαυμάσειε
2436 3430 2498 3484 τὸ
2526 3429 2708 3485 καινὸν
2740 3428 2832 3484 καὶ
2860 3429 3102 3506 πονηρὸν
3137 3426 3499 3504 ἐπιτήδευμα,
3529 3428 3622 3484 καὶ
3651 3431 3776 3494 πῶς

2121 3514 2526 3597 ὑπερϐάλλουσι
2555 3519 2653 3581 τὰς
2684 3514 2858 3580 ἄλλας
2890 3518 3143 3596 αἱρέσεις,
3175 3522 3292 3573 Τῶν
3327 3517 3420 3593 μὲν
3445 3518 3550 3594 γὰρ
3582 3515 3773 3574 ἄλλων

2119 3610 2374 3686 αἱρέσεων
2432 3608 2500 3664 τὰ
2568 3605 2920 3686 έφευρήματα
2997 3605 3049 3663 ἐν
3124 3606 3446 3678 πιθανότητι
3507 3604 3772 3683 ῥημάτων

2118 3693 2234 3777 ἔχει
2292 3699 2391 3769 τήν
2458 3695 2649 3772 μανίαν
2707 3697 2845 3772 πρὸς
2906 3697 3115 3767 ἀπάτην
3171 3694 3284 3752 τῶδ
3333 3693 3622 3774 ἀκεραίων.
3671 3693 3774 3751 Καὶ

2115 3785 2390 3859 Ἕλληνες
2447 3787 2564 3861 μὲν,
2611 3786 2685 3849 ὡς
2719 3785 2862 3842 εἶπεν
2910 3787 2939 3842 ὁ
2993 3784 3352 3857 ’Δπόστολος,
3408 3784 3461 3841 ἐν
3523 3785 3774 3863 ὑπεροχῇ

2113 3878 2418 3933 καὶπειοοῖ
2463 3874 2647 3952 λόγων
2678 3875 2769 3931 καὶ
2816 3875 3111 3956 σοφίσμασι
3157 3877 3406 3938 πιθανοῖς
3457 3873 3777 3952 ἐπιχειροῦ-

2115 3988 2220 4022 σιν·
2251 3963 2504 4022 Ἰουδαῖοι
2535 3963 2613 4038 δὲ,
2664 3965 2884 4045 ἀφέντες
2932 3966 3031 4029 τὰς
3071 3965 3218 4030 θείας
3263 3965 3500 4044 Γραφάς,
3553 3963 3776 4040 λοιπὸν,

2113 4055 2190 4118 ὡς
2226 4055 2369 4111 εἶπεν
2419 4056 2448 4111 6
2488 4051 2852 4126 Ἀπόστολος,
2906 4054 2958 4110 έν
3013 4053 3204 4129 μύθοις
3253 4053 3344 4109 καὶ
3392 4051 3775 4131 γενεαλογίαις

2114 4146 2433 4222 ἀπεράντοις
2492 4139 2682 4220 ἔχουσι
2738 4144 2838 4213 τήν
2901 4140 3012 4221 ἔριν
3049 4165 3062 4178 -
3118 4145 3425 4220 Μανιχαῖοι
3507 4142 3611 4218 γὰρ
3679 4142 3775 4199 καὶ

2121 4231 2471 4289 Οὖαλεντῖνοι
2499 4232 2590 4288 σὺν
2625 4232 2836 4303 αὐτοῖς,
2868 4232 2959 4288 καὶ
2993 4230 3179 4304 ἄλλοι,
3223 4230 3631 4304 καπηλεύοντες
3673 4233 3774 4296 τὰς

2111 4322 2257 4384 θείας
2299 4322 2535 4400 Γραφὰς,
2586 4327 2705 4384 τοῖς
2755 4321 2958 4378 ἑαυτῶν
3008 4319 3366 4378 ἐπιπλάστοις
3414 4318 3609 4397 λόγοις
3662 4343 3773 4396 μυ-

2111 4409 2457 4488 θολογοῦσιν·
2492 4413 2545 4467 οἳ
2577 4409 2634 4467 δὲ
2666 4411 2938 4489 ’Δρειανοὶ
2982 4416 3092 4468 τῶν
3147 4412 3240 4486 μὲν
3274 4409 3463 4467 ἄλλῶν
3512 4412 3771 4486 αἱρέσεών

2113 4500 2214 4556 εἶσι
2262 4499 2709 4579 τολμηρότεροι,
2760 4501 2852 4557 καὶ
2899 4503 3224 4579 μικροτέρας
3278 4502 3481 4558 ἑαυτῶν
3533 4498 3781 4580 ἀδελφὰς

2112 4588 2388 4661 ἀπέδειξαν
2442 4589 2668 4662 ἐκείνας,
2700 4592 2870 4646 πλέον
2913 4590 3090 4646 αὐτῶν
3139 4586 3477 4664 ἀσεϐοῦντες,
3535 4591 3776 4668 καθάπερ

351 4701 531 4757 supra
559 4683 785 4739 dictum
815 4684 905 4736 est
938 4696 952 4735 :
985 4678 1390 4750 omniumque,
1435 4677 1495 4732 in
1527 4677 1736 4750 primis
1793 4683 1992 4736 tamen

2117 4679 2337 4756 εἴρηται,
2370 4681 2460 4735 καὶ
2490 4681 2717 4752 πάντας,
2755 4679 2992 4755 μάλιστα
3041 4677 3099 4736 δὲ
3147 4679 3276 4744 τοὺς
3319 4677 3644 4753 Ἰουδαίους,
3679 4686 3776 4752 ζη-

348 4774 707 4841 Judzeorum,
740 4768 1028 4825 malitiam
1060 4766 1514 4824 temulentur.Ut
1542 4768 1698 4824 enim
1737 4766 1825 4824 illi
1857 4769 2005 4828 Pau-

349 4861 475 4919 lum
507 4861 869 4934 objectorum
901 4856 1214 4914 criminum
1265 4873 1432 4912 reum
1487 4857 1829 4916 convincere
1885 4878 2002 4919 non

348 4951 631 5022 valentes,
665 4965 800 5006 eum
833 4948 1110 5004 continuo
1152 4946 1225 5002 ad
1251 4944 1558 5002 tribunum
1609 4951 1668 5003 et
1696 4949 1768 5004 ad
1802 4951 2005 5022 ρι’ωεὶ-

352 5042 486 5098 dem
519 5040 812 5098 adduxere
846 5063 860 5105 ;
888 5038 974 5093 sic
1005 5041 1061 5092 et
1088 5037 1185 5092 isti
1217 5035 1389 5109 plura
1445 5053 1624 5109 quam
1657 5037 1744 5093 illi
1775 5040 2006 5114 excogi-

350 5135 567 5200 tantes,
598 5127 726 5186 sola
773 5126 1044 5199 judicum
1075 5130 1366 5198 potestate
1397 5130 1537 5182 sunt
1566 5127 1679 5199 usi;
1712 5144 1779 5184 ac
1805 5130 2006 5186 statim

349 5226 525 5294 atque
553 5219 847 5294 quispiam
880 5215 1312 5288 contradixerit,
1344 5215 1397 5273 is
1453 5221 1720 5290 raptatus
1751 5218 1822 5275 ad
1854 5236 2005 5294 prae-

349 5311 534 5368 sidem
567 5309 904 5378 adducitur,
925 5305 1016 5364 vel
1049 5306 1122 5363 ad
1150 5306 1382 5364 ducem.

417 5511 462 5548 ³⁸
491 5511 513 5568 Ῑ
538 5510 669 5569 Cor.
701 5527 767 5578 ιι,
800 5508 854 5565 4.
885 5508 929 5544 ³⁷
960 5507 983 5564 Ι
1013 5506 1168 5566 Tim.
1201 5523 1242 5579 ι,
1276 5508 1329 5563 4.

443 5721 856 5797 39)-ᾥοᾘεεη
892 5738 972 5797 με.
989 5719 1153 5797 dees_t
1179 5719 1240 5777 in
1272 5717 1468 5797 editis.

443 5724 534 5796 39)
564 5724 660 5780 Sic
690 5724 856 5797 Reg.,
892 5738 960 5795 με
989 5724 1153 5779 deest
1179 5724 1240 5777 in
1272 5724 1468 5778 editis.

419 5724 512 5870 (40
532 5794 704 5868 Editi,
728 5790 1076 5872 τριακοσίων,
1109 5795 1247 5869 Reg.
1309 5794 1414 5863 sic,
1470 5812 1524 5867 τ,
1558 5793 1618 5852 id
1675 5799 1785 5867 est,
1843 5813 1996 5872 τρια-

2119 4766 2391 4833 λώσαντες
2433 4769 2485 4825 έν
2525 4771 2783 4847 πονηρίᾳ.
2817 4771 2907 4833 Ὦς
2948 4771 3052 4847 γὰρ
3099 4769 3321 4841 ἐκεῖνοι,
3373 4772 3449 4845 μὴ
3483 4767 3774 4845 δυνάμενοι

2113 4859 2206 4915 τὸν
2256 4857 2472 4915 Παῦλον
2524 4857 2740 4935 ἐλέγξαι
2795 4861 2920 4934 περὶ
2977 4862 3052 4915 ὧν
3100 4860 3561 4938 ἑπροφασίζοντο,
3618 4858 3775 4924 εὐθὺς

2115 4946 2328 5025 ἤγαγον
2363 4948 2521 5005 αὐτὸν
2553 4949 2689 5026 πρὸς
2721 4950 2812 5004 τὸν
2860 4947 3160 5026 χιλίαρχον
3211 4948 3301 5005 καὶ
3348 4951 3442 5005 τὸν
3492 4948 3773 5026 ἡγεμόναο

2115 5037 2290 5102 οὕτως
2341 5039 2512 5113 οὗτοι,
2565 5039 2656 5094 καὶ
2686 5039 2858 5095 πλέον
2911 5039 3129 5094 ἐκείνων
3183 5037 3545 5110 ἐπινοοῦντες,
3588 5043 3658 5114 τῇ
3690 5038 3778 5112 έξ-

2114 5127 2270 5200 ουσίᾳ
2322 5128 2460 5204 μόνῃ
2506 5132 2615 5183 τῶν
2664 5126 2930 5183 δικαστῶν
2978 5129 3302 5204 κέχρηνται’
3351 5127 3442 5184 καὶ
3489 5127 3655 5202 μόνον
3685 5149 3776 5193 τις

2114 5217 2299 5280 αὐτοῖς
2332 5217 2672 5295 ἀντείρηκεν,
2704 5214 2918 5274 ἕλκεται
2969 5219 3106 5297 πρὸς
3152 5218 3246 5273 τὸν
3296 5217 3569 5295 ἡγεμόνα,
3610 5219 3647 5290 ἢ
3675 5219 3772 5275 τὸν

2113 5304 2514 5383 στρατηλάτην.

2104 5717 2283 5778 κόσῖοι
2319 5741 2334 5792 ;
2365 5737 2504 5779 nam
2537 5717 2965 5780 nominativum
3006 5733 3213 5776 casum
3263 5715 3528 5792 postulat
3559 5711 3769 5774 series.

2177 5795 2290 5870 (41)
2323 5794 2386 5852 In
2417 5794 2559 5870 Reg.
2580 5792 2671 5850 καί
2701 5794 2885 5852 deest.
2939 5828 2949 5842 ο
