4132 6406
388 463 508 527 773

1330 465 1705 529 HISTORIA
1745 461 2215 527 ARIANORUM
2258 466 2361 525 AD
2406 464 2861 527 MONACHOS.

3680 464 3804 526 ’774

464 598 552 654 67.
588 595 687 652 Καὶ
746 599 800 653 αἱ
858 598 949 672 μἐν
1006 596 1172 653 ἄλλαι
1225 599 1477 675 αἱρέσεις,
1528 597 1891 674 ἐλεγχόμεναι
1921 600 2040 657 ταῖς

2222 600 2309 653 67.
2342 599 2410 653 Et
2439 598 2561 653 alia:
2590 599 2827 670 quidem
2860 598 3110 655 haereses
3141 598 3283 653 dum
3316 613 3443 653 sese
3472 598 3671 653 vident
3702 600 3808 655 de-

396 682 726 756 ἀποδείξεσιν
778 688 864 742 ὑπ’
908 686 1076 757 αὐτῆς
1124 694 1227 757 τῆς
1278 685 1537 755 ἀληθείας
1582 688 1716 761 (42),
1770 690 2046 754 σιωπῶσι,

398 772 567 847 μηδὲν
600 774 769 831 πλέον
802 777 836 846 ἢ
872 775 1255 851 ἐντρεπόμεναι
1298 782 1414 838 τοῖς
1467 774 1724 851 ἐλέγχοις
1757 794 1770 808 ·
1804 777 1838 844 ἡ
1873 772 1929 829 δὲ
1959 775 2052 828 νέα

393 864 487 918 καὶ
523 867 734 939 μυσαρὰ
783 865 989 920 τούτων
1036 864 1263 941 αἵρεσις,
1308 864 1432 920 ὅταν
1485 865 1762 939 ἀνατραπῇ
1807 869 1925 926 τοῖς
1958 862 2050 917 λό-

393 972 537 1026 γοις,
573 951 696 1007 ὅταν
737 953 824 1008 ὑπ’
856 953 1024 1023 αὐτῆς
1054 961 1156 1023 τῆς
1202 951 1461 1023 ἀληθείας
1515 953 1863 1030 αἰσχυνθεῖσα
1892 954 2047 1027 πέσῃ,

398 1039 589 1096 λοιπὸν
625 1042 718 1105 οὒς
754 1045 827 1117 μὴ
882 1041 1169 1113 δεδύνηται
1218 1049 1399 1098 πεῖσαι
1446 1041 1659 1117 λόγοις,
1707 1042 1933 1104 τούτους
1980 1046 2048 1115 τῇ

400 1131 511 1206 βίᾳ,
545 1132 634 1186 καὶ
665 1130 931 1208 πληγαῖς,
964 1132 1053 1187 καὶ
1106 1130 1508 1208 δεσμωτηρίοις
1538 1130 1715 1187 ἕλκειν
1760 1132 2046 1208 ἐπιχειρεῖ,

394 1219 737 1295 γνωρίζουσα
767 1222 961 1290 ἑαυτήν
992 1222 1083 1276 καὶ
1116 1221 1312 1291 οὕτως,
1346 1222 1423 1283 ὡς
1452 1222 1624 1277 πάντα
1654 1220 1867 1295 μᾶλλόν
1907 1221 2047 1275 ἐστιν

394 1309 429 1377 ἢ
482 1305 764 1380 θεοσεϐής.
818 1305 1131 1373 Θεοσεϐείας
1183 1312 1275 1384 μέν
1327 1312 1431 1386 γὰρ
1481 1309 1639 1381 ἴδιον,
1694 1312 1768 1384 μὴ
1821 1311 2050 1384 ἀναγκά-

399 1403 526 1466 ζειν,
562 1396 708 1452 ἆλλὰ
738 1398 963 1471 πείθειν,
997 1398 1177 1474 ὥσπερ
1211 1398 1457 1473 εἷ’παμεν.
1495 1399 1593 1453 Καὶ
1641 1400 1746 1475 γὰρ
1781 1400 1808 1453 ὁ
1852 1398 2049 1471 Κύριος

396 1485 556 1547 αὐτὸς
614 1486 676 1541 οὐ
739 1488 1106 1563 βιαζόμενος,
1170 1485 1315 1542 ἀλλὰ
1371 1493 1438 1562 τῇ
1497 1488 1808 1563 προαιρέσει
1867 1484 2049 1549 διδοὺς

396 1572 553 1649 ἔλεγε
607 1580 737 1630 πᾶσι
800 1576 892 1649 μέν
928 1597 940 1609 ·
977 1575 1050 1631 Ei'
1097 1598 1181 1639 τις
1239 1574 1382 1631 θέλει
1444 1577 1620 1631 ὀπίσω
1675 1598 1777 1651 μου
1824 1574 1997 1631 ἐλθεῖν
2036 1595 2049 1609 °

394 1668 511 1725 τοῖς
560 1661 618 1719 δὲ
672 1666 939 1734 μαθηταῖς
973 1684 985 1696 '
1026 1668 1113 1735 Μὴ
1174 1666 1262 1720 καὶ
1314 1668 1469 1741 ὑμεῖς
1516 1665 1699 1721 θέλετε
1749 1664 2047 1734 ἀπελθεῖν;

402 1751 550 1823 Αὕτη
614 1752 897 1817 παντελῶς
957 1753 1224 1830 ἀλλοτρία
1278 1762 1380 1825 τῆς
1436 1750 1739 1818 θεοσεϐείας
1798 1755 1928 1811 ἐστί.
1989 1755 2049 1809 Τί

399 1848 574 1898 ποιεῖν
622 1844 789 1913 αὐτὴν
843 1842 1012 1920 ἐχρῆν
1062 1846 1097 1913 ἢ
1129 1845 1395 1900 τάναντία
1444 1847 1554 1918 (43)
1599 1850 1695 1899 τοῦ
1765 1851 2048 1921 Σωτῆρος,

394 1932 470 1993 ὡς
502 1934 883 2009 χριστομάχον
932 1934 1179 2008 ἡγεμόνα
1230 1942 1329 2003 τῆς
1362 1929 1607 1996 ἀσεϐείας
1639 1934 2047 2012 ἐπιγαφομένην

393 2023 789 2093 Κωνστάντιον,
824 2023 900 2085 ὡς
949 2022 1107 2077 αὐτὸν
1158 2024 1248 2077 τὸν
1283 2023 1657 2099 Ἀντίχριστον
1691 2042 1703 2089 ;
1739 2023 1912 2085 Αὐτὸς
1943 2025 2047 2100 γὰρ

396 2108 486 2166 διὰ
508 2112 606 2179 τὴν
642 2109 845 2187 α’ίρεσιν
879 2110 1176 2167 ἐσπούδασε
1223 2117 1438 2188 πρῶτον
1488 2113 1578 2166 καὶ
1627 2114 1715 2166 τὸν
1770 2112 1950 2167 Σαοὺλ
1995 2112 2046 2167 ἐν

395 2200 643 2272 ὠμότητι
680 2198 926 2269 ζηλῶσαι
959 2220 971 2232 ·
1018 2200 1221 2263 ἐκεῖνος
1258 2202 1351 2274 μὲν
1377 2202 1501 2277 γὰρ,
1528 2199 1714 2270 ἐπειδὴ
1751 2199 2045 2257 δεδώκασιν

396 2290 449 2343 οἱ
479 2290 644 2365 ἱερεῖς
694 2288 1031 2363 ἐπισιτισμὸν
1070 2295 1150 2362 τῷ
1207 2286 1395 2359 Δαϐὶδ,
1454 2289 1687 2360 κελεύει,
1746 2292 1835 2345 καὶ
1896 2292 2049 2345 ἀναι-

397 2382 613 2453 ροῦνται
672 2381 901 2449 πάντες,
962 2380 1053 2434 τὸν
1109 2380 1335 2455 ἀριθμὸν
1398 2375 1547 2441 ὄντες
1602 2380 1904 2456 τριακόσιοι
1959 2380 2049 2435 καὶ

395 2469 554 2523 πέντε
583 2469 715 2541 (44)·
762 2467 918 2529 οὗτος
961 2464 1038 2537 δὲ,
1074 2466 1258 2536 ἐπειδή
1310 2470 1407 2537 τήν
1465 2469 1558 2541 μὲν
1612 2467 1809 2543 α’ίρεσιν
1854 2470 2049 2531 πάντες

397 2556 710 2635 φεύγουσιν,
740 2560 775 2626 ἡ
811 2555 867 2611 δέ
914 2556 1229 2632 ὑγιαίνουσα
1276 2557 1458 2619 πίστις
1505 2560 1539 2625 ἡ
1590 2558 1665 2619 εἷς
1716 2559 1806 2612 τὸν
1854 2557 2047 2631 Κύριον

397 2643 737 2721 ὡμολογήθη
777 2690 791 2717 ,
849 2647 1175 2722 τριακοσίων
1235 2644 1381 2701 ὅλων
1460 2645 1679 2701 σύνοδον
1742 2646 2049 2701 ἐπισκόπων

398 2735 626 2811 ἀναιρεῖ’
684 2734 774 2788 καὶ
832 2734 959 2796 τοὺς
1020 2736 1112 2808 μέν
1165 2734 1491 2797 ἐπισκόπους
1549 2735 1744 2797 αὐτοὺς
1802 2734 2049 2811 ἐξορίζει,

396 2823 522 2885 τοὺς
555 2821 612 2878 δὲ
643 2821 810 2885 λαοὺς
871 2822 1154 2897 ἐμποδίζει
1204 2826 1430 2897 μελετᾷν
1498 2826 1597 2894 τῆν
1660 2820 1930 2879 εὐσέϐειιν
1961 2823 2051 2878 καὶ

401 2909 653 2989 εὔχεσθαι
681 2917 761 2985 τῷ
794 2917 929 2985 Θεῷ,
964 2912 1195 2967 κωλύων
1247 2914 1422 2968 αὐτῶν
1454 2915 1549 2976 τὰς
1580 2916 1919 2989 συναγωγάς.
1954 2914 2053 2967 Καὶ

400 3002 580 3077 ὥσπερ
616 3000 797 3057 Σαοὺλ
856 3004 1157 3076 κατέσκαψε
1202 3005 1305 3072 τήτ
1364 2999 1557 3077 Νομϐὰ
1599 3006 1712 3077 (45)
1758 3006 1856 3072 τὴν
1888 3002 2049 3057 πόλιν

395 3096 505 3147 τῶν
537 3092 751 3168 ἱερέων,
784 3090 958 3153 οὕτως
990 3092 1148 3153 οὗτος
1174 3091 1264 3146 καὶ
1288 3090 1455 3147 πλέον
1488 3094 1549 3146 τὸ
1578 3094 1740 3147 κακὸν
1789 3092 2050 3167 αὐξάνων,

394 3183 492 3243 τὰς
549 3179 878 3250 Ἐκκλησίας
928 3185 1047 3243 τοῖς
1097 3175 1349 3235 ἀσεϐοῦσι
1392 3179 1745 3256 παραδέδωκε
1782 3202 1793 3213 ·
1836 3182 1927 3236 καὶ
1975 3182 2051 3245 ὡς

399 3270 603 3332 ἐκεῖνος
635 3272 798 3339 Δωῆκ
824 3270 916 3324 τὸν
964 3264 1294 3324 διαϐαλόντα
1339 3270 1711 3345 προτετίμηκε
1756 3276 1863 3325 τῶν
1913 3269 2049 3341 ἀλη-

2080 1975 2127 2039 Β

2160 688 2682 743 monstrationibus
2714 688 2785 743 ab
2818 688 2944 760 ipsa
2970 687 3214 744 veritate
3245 687 3559 757 convictas,
3586 687 3803 757 silent;

2160 775 2287 831 ideo
2318 776 2538 832 scilicet
2569 777 2724 848 quod
2753 794 2879 832 sese
2906 778 3058 832 veris
3089 777 3452 849 argumentis
3475 778 3807 833 confutatas

2158 866 2503 920 erubescant
2528 884 2539 921 :
2569 871 2627 921 at
2648 883 2794 921 nova
2815 871 2873 922 et
2894 866 3289 921 abominanda
3309 881 3511 920 eorum
3544 865 3804 938 haeresis,

2162 955 2259 1009 ubi
2294 955 2617 1010 rationibus
2647 956 2999 1026 confutatur,
3025 956 3125 1010 ubi
3158 956 3228 1010 ab
3259 955 3389 1027 ipsa
3418 955 3659 1010 veritate
3691 958 3809 1010 suf-

2160 1044 2291 1098 fusa
2312 1044 2549 1115 pudore,
2575 1043 2884 1099 collabitur
2908 1064 2920 1111 ;
2954 1049 3082 1099 tum
3111 1060 3259 1116 quos
3284 1044 3473 1100 verbis
3498 1044 3700 1115 nequit
3733 1045 3806 1100 ad

2160 1150 2329 1188 suam
2353 1195 2355 1197 1
2380 1134 2666 1189 adducere
2706 1134 3077 1203 sententiam,
3110 1134 3217 1189 hos
3263 1134 3339 1205 vi,
3372 1134 3481 1189 hos
3529 1133 3719 1206 plagis
3751 1138 3809 1190 et

2160 1221 2490 1277 carceribus
2523 1222 2591 1276 ad
2624 1238 2685 1277 se
2717 1222 2943 1277 trahere
2984 1224 3193 1277 nititur
3227 1241 3239 1279 :
3274 1222 3694 1295 propalamque
3722 1223 3807 1278 fa-

2159 1311 2238 1366 cit
2286 1327 2347 1366 se
2394 1311 2626 1381 quidvis
2673 1312 2865 1381 potius
2898 1328 3074 1382 quam
3106 1310 3441 1383 religiosam
3467 1328 3615 1367 esse.
3652 1310 3807 1367 Reli-

2159 1399 2350 1472 gionis
2382 1400 2598 1471 quippe
2642 1400 2943 1471 proprium
2994 1404 3099 1468 est,
3134 1418 3247 1455 non
3279 1417 3502 1473 cogere.
3537 1401 3636 1457 sed
3671 1417 3808 1473 per-

2160 1492 2427 1555 suadere,
2472 1489 2555 1544 uti
2588 1488 2865 1544 diximus.
2898 1490 3162 1561 Namque
3209 1491 3495 1545 Dominus
3538 1507 3654 1546 non
3684 1490 3806 1546 vim

2159 1580 2436 1649 inferens,
2469 1578 2570 1633 sed
2626 1580 2913 1650 cujusque
2942 1578 3225 1633 voluntati
3257 1579 3593 1635 facultatem
3628 1579 3807 1635 relin-

2161 1685 2367 1740 quens,
2401 1669 2481 1723 ait
2529 1669 2750 1723 caeteris
2782 1668 3019 1739 quidem
3073 1668 3347 1723 omnibus
3382 1686 3393 1724 :
3428 1668 3487 1723 Si
3540 1671 3664 1741 quis
3695 1669 3811 1725 vult

2159 1762 2275 1830 post
2304 1773 2390 1812 me
2420 1759 2605 1812 venire
2631 1758 2675 1791 ³⁸
2705 1776 2717 1823 ;
2754 1757 3059 1828 discipulis
3088 1774 3223 1813 vero
3251 1758 3375 1813 suis
3408 1774 3421 1812 :
3455 1761 3601 1813 Num
3630 1766 3682 1813 et
3718 1774 3811 1814 vos

2160 1848 2314 1903 abire
2362 1847 2527 1902 vultis
2552 1847 2645 1900 3°?
2675 1847 2805 1901 Haec
2848 1862 2982 1901 cum
3015 1864 3048 1901 a
3098 1846 3195 1918 pia
3247 1845 3525 1919 religione
3568 1864 3811 1920 prorsus

2161 1936 2279 1992 sint
2328 1937 2535 2007 aliena,
2568 1936 2708 2007 quid
2763 1953 2891 1991 eam
2932 1951 3101 2007 agere
3150 1953 3257 2008 par
3295 1936 3423 2004 fuit,
3457 1953 3635 2007 quam
3682 1953 3810 2008 quae

2156 2026 2439 2082 Salvatori
2488 2026 2891 2092 adversantur,
2926 2025 3143 2097 quippe
3192 2042 3320 2096 quae
3366 2026 3477 2081 sibi
3525 2027 3809 2081 Constan-

2159 2116 2305 2171 tium
2337 2114 2567 2169 Christo
2599 2114 3018 2179 adversarium,
3043 2115 3364 2185 impietatis
3391 2116 3600 2169 ducem
3630 2115 3810 2171 ascri-

2158 2205 2357 2277 pserit,
2388 2204 2567 2258 veluti
2599 2204 2793 2274 ipsum
2814 2202 3241 2257 Antichristum
3268 2204 3294 2257 ‘P
3328 2204 3572 2259 Haeresis
3595 2204 3811 2276 quippe

2159 2293 2346 2364 gratia
2375 2293 2431 2346 id
2483 2292 2740 2364 primum
2774 2292 2999 2347 curavit
3047 2296 3112 2346 ut
3159 2291 3355 2347 Saulis
3405 2292 3809 2349 crudelitatem

2159 2381 2531 2437 micularetur
2565 2398 2577 2435 :
2613 2380 2707 2436 ille
2756 2397 3013 2451 namque
3065 2398 3197 2435 cum
3242 2383 3575 2437 sacerdotes
3606 2381 3811 2437 Davidi

2160 2471 2433 2526 alimenta
2446 2470 2875 2542 przebuissentJ
2889 2470 3248 2525 ussitomnes
3264 2487 3506 2526 numero
3520 2475 3809 2527 trecentos

2160 2565 2216 2615 et
2245 2562 2505 2633 quinque
2552 2560 2887 2615 obtruncari
2918 2560 2962 2592 ‘0
2996 2576 3008 2613 :
3043 2559 3135 2613 hic
3164 2576 3318 2631 vero,
3352 2576 3487 2614 cum
3538 2559 3809 2617 haeresim

2162 2666 2364 2704 omnes
2399 2649 2644 2721 fugiant,
2665 2648 3000 2719 sauaquein
3032 2648 3349 2704 Dominum
3380 2648 3525 2704 ﬁdes
3549 2649 3811 2721 promul-

2162 2745 2296 2811 gata
2346 2740 2442 2809 sit,
2474 2743 2866 2794 trecentorum
2910 2738 3198 2809 synodum
3247 2738 3657 2810 episcoporum
3708 2738 3811 2794 irri

2161 2834 2281 2884 tam
2329 2828 2464 2884 facit
2496 2845 2509 2883 :
2544 2827 2821 2899 ipsosque
2868 2828 3173 2899 episcopos
3225 2827 3390 2899 pellit
3420 2828 3477 2883 in
3513 2826 3814 2896 exsilium,

2163 2915 2409 2988 populos
2455 2931 2589 2970 vero
2621 2914 2853 2969 cohibet
2882 2932 2954 2969 ne
2998 2915 3197 2985 pietati
3226 2918 3448 2985 vacent,
3483 2932 3594 2971 neu
3629 2918 3810 2971 Deum

2164 3010 2492 3077 precentur,
2553 3004 2949 3075 przepeditque
2995 3020 3067 3059 ne
3114 3009 3434 3059 conventus
3486 3009 3681 3077 agant.
3731 3009 3811 3060 Ac

2162 3093 2660 3166 quemadmodum
2700 3092 2837 3147 Saul
2889 3093 3147 3149 Nobbam
3197 3094 3569 3148 sacerdotum
3602 3094 3810 3150 urbem

2160 3183 2359 3252 diruit,
2393 3182 2474 3238 sic
2508 3182 2618 3237 iste
2648 3181 2831 3236 multo
2861 3181 3113 3253 graviori
3144 3181 3359 3238 scelere
3389 3183 3665 3238 ecclesias
3696 3184 3809 3239 im-

2161 3272 2274 3344 piis
2306 3270 2566 3325 tradidit.
2602 3271 2667 3324 Et
2697 3271 2848 3325 sicut
2897 3269 2997 3325 ille
3029 3271 3287 3341 Doegum
3321 3272 3808 3329 calumniatorem

396 3361 506 3422 θῶς
537 3360 749 3437 ἱερέων,
798 3360 890 3414 τὸν
930 3380 990 3414 τε
1038 3356 1203 3413 Δαϐὶδ
1255 3357 1446 3414 ἐδίωκε
1493 3362 1779 3438 προσέχων
1811 3366 1928 3422 τοῖς
1959 3367 2043 3415 Ζι-

2163 3360 2309 3416 veris
2359 3359 2758 3415 sacerdotibus
2805 3358 3097 3424 antetulit,
3131 3360 3213 3415 sic
3263 3364 3319 3415 et
3348 3361 3457 3416 iste
3506 3361 3809 3417 hwreticos

397 3448 578 3528 φαίοις
617 3469 630 3483 ·
662 3448 837 3511 οὕτως
883 3448 1041 3511 οὗτος
1088 3447 1216 3510 τοὺς
1271 3448 1363 3521 μὲν
1420 3448 1722 3523 αἱρετικοὺς
1770 3449 2051 3525 προκρίνει

393 3543 502 3593 τῶν
553 3534 811 3606 εὐσεϐῶν,
859 3536 988 3600 τοὺς
1038 3535 1096 3593 δὲ
1160 3536 1455 3615 φεύγοντας
1506 3536 1665 3591 αὐτὸν
1718 3534 1795 3592 ἔτι
1843 3536 2050 3609 διώκει,

394 3628 685 3703 προσέχων
727 3631 845 3688 τοῖς
875 3624 1124 3688 θλαδίαίς
1166 3625 1378 3696 ἐαυτοῦ,
1408 3630 1524 3687 τοῖς
1554 3626 1644 3680 καὶ
1693 3621 2053 3681 διαϐάλλουσι

392 3716 521 3779 τοὺς
556 3713 878 3793 ὁρθοδόξους
914 3734 927 3746 ·
965 3717 1039 3789 μή
1074 3719 1338 3789 συνορῶν.
1370 3715 1445 3777 ὡς
1478 3714 1577 3769 ὅσα
1608 3712 1651 3770 δ’
1684 3715 1742 3769 ἂν
1790 3716 1920 3790 ὑπὲρ
1951 3724 2051 3785 τῆς

398 3806 659 3881 αἱρέσεως
704 3809 813 3859 τῶν
856 3805 1150 3877 ’Δρειανῶν
1202 3806 1410 3880 πράττῃ
1462 3825 1520 3859 τε
1549 3805 1639 3859 καὶ
1688 3807 1867 3883 γράφῃ
1917 3808 2052 3879 (46),

395 3900 565 3951 ταῦτα
592 3895 733 3949 κατὰ
760 3898 857 3948 τοῦ
887 3900 1150 3970 Σωτῆρος
1183 3892 1299 3969 ἔχει
1328 3895 1427 3963 τῆν
1463 3893 1827 3970 ἐπιχείρησιν.

468 3986 559 4040 68.
590 3982 713 4059 Οὐχ
743 3981 917 4044 οὕτως
969 3985 1082 4057 (47)
1137 3977 1349 4059 Ἀχαὰϐ
1398 3985 1536 4037 κατά
1583 3988 1689 4037 τῶν
1742 3984 1926 4059 ἱερέων
1957 3987 2054 4037 τοῦ

400 4077 535 4128 Θεοῦ
565 4073 808 4147 γέγονεν,
860 4072 937 4134 ὡς
978 4071 1137 4134 οὗτος
1166 4072 1303 4127 κατὰ
1349 4076 1458 4127 τῶν
1512 4071 1818 4127 ἐπισκόπων
1871 4072 2057 4127 τετόλ-

407 4183 599 4237 μηκεν.
645 4159 829 4226 Ὃλως
860 4162 965 4237 γὰρ
1001 4160 1205 4224 ἐκεῖνος
1253 4162 1366 4232 καὶ,
1411 4164 1758 4240 φονευθέντος
1802 4166 1898 4217 τοῦ
1948 4171 2053 4218 Να-

401 4246 616 4322 ϐουθαὶ,
667 4250 960 4327 κατενύγη,
1000 4251 1091 4305 καὶ
1138 4253 1229 4307 τόν
1277 4251 1465 4307 Ἠλίαν
1522 4253 1777 4327 έωρακὼς
1811 4248 2053 4331 ἐφοϐήθη

402 4340 561 4403 οὗτος
610 4340 667 4395 at
714 4337 840 4395 οὐδὲ
890 4342 1002 4413 (48)
1045 4341 1135 4394 τὸν
1190 4338 1517 4410 τηλικοῦτον
1568 4344 1751 4396 Ὅσιον
1804 4340 2003 4417 ᾐδέσθη
2041 4387 2055 4414 ,

405 4428 530 4486 οὐδὲ
576 4427 708 4492 τούς
755 4428 1049 4491 τοσούτους
1100 4427 1429 4492 ἐπισκόποος
1485 4429 1729 4505 ἐξορισας
1762 4474 1776 4500 ,
1828 4429 2057 4506 ἐνάρκη-

400 4540 509 4591 σεν,
559 4520 594 4589 ἢ
650 4518 748 4573 κᾶν
784 4521 895 4592 (49)
926 4516 1194 4592 κατενύγη
1232 4538 1244 4550 ·
1280 4518 1407 4573 ἀλλ’
1464 4519 1541 4581 ὡς
1601 4517 1774 4582 ἄλλος
1832 4522 2057 4593 Φαραὼ,

406 4608 614 4684 μᾶλλεν
649 4605 1091 4683 ἐπιτριϐόμενος,
1128 4606 1511 4682 σκληρύνεται,
1561 4608 1650 4662 καὶ
1680 4608 1907 4685 χείρονα
1934 4611 2059 4663 καθ-

2162 3449 2389 3521 przet’ert
2420 3448 2531 3519 piis
2575 3446 2935 3514 hominibus,
2969 3464 3067 3502 eos
3111 3453 3305 3504 autem
3357 3449 3459 3521 qui
3490 3451 3559 3505 ab
3592 3450 3689 3505 illo
3723 3451 3814 3506 fu-

2164 3538 2351 3610 giunt,
2371 3537 2692 3592 etiamnum
2706 3535 3136 3607 insequiturzau
3147 3554 3387 3609 remque
3400 3540 3616 3610 praebet
3632 3557 3817 3595 eunu-

2164 3626 2289 3683 chis
2338 3626 2834 3682 calumniantibus
2865 3626 3235 3683 orthodoxos.
3267 3628 3382 3683 Nec
3430 3629 3676 3684 advertit
3706 3645 3815 3685 sua

2164 3717 2362 3772 omnia
2393 3732 2493 3788 pro
2545 3714 2756 3770 Ariana
2805 3714 3011 3771 hazresi
3059 3722 3226 3788 gesta
3276 3721 3448 3789 atque
3498 3718 3712 3791 scripta
3753 3719 3815 3775 in

2164 3805 2359 3878 ipsum
2389 3808 2610 3859 vertere
2641 3802 3018 3861 Salvatorem.

2236 3985 2392 4039 304
2421 3984 2510 4037 68.
2544 3984 2625 4038 Ne
2674 3983 2875 4040 Achab
2923 3984 3163 4055 quidem
3214 3984 3274 4039 in
3327 3987 3657 4043 sacerdotes
3711 3988 3817 4043 Dei

2164 4078 2283 4129 tam
2316 4073 2594 4128 immanis
2626 4073 2755 4141 fuit,
2789 4090 2967 4145 quam
3001 4073 3095 4128 hic
3139 4073 3198 4128 in
3230 4074 3534 4147 episcopos
3563 4094 3575 4131 :
3610 4075 3707 4131 ille
3738 4075 3818 4131 si-

2166 4163 2403 4234 quidem
2436 4162 2626 4217 occiso
2676 4162 2963 4230 Nabotho,
2994 4169 3386 4235 compunctus
3437 4168 3548 4233 est,
3579 4165 3820 4236 visoque

2167 4252 2291 4307 Elia
2320 4250 2622 4323 pertimuit
2648 4252 2713 4304 ⁴¹.
2746 4252 2812 4305 At
2842 4251 2937 4306 hic
2969 4268 3155 4323 neque
3188 4258 3307 4308 tam
3335 4253 3612 4308 eximium
3644 4254 3813 4309 illum

2166 4342 2411 4397 Hosium
2461 4339 2743 4396 reveritus
2789 4344 2898 4406 est,
2932 4358 3119 4413 neque
3150 4345 3234 4397 tot
3294 4342 3481 4413 pulsis
3527 4342 3819 4415 episcopis

2169 4432 2544 4503 defatigatus,
2571 4433 2671 4485 aut
2700 4434 3087 4501 compunctus
3109 4436 3198 4486 est
3231 4448 3243 4485 :
3272 4431 3373 4486 sed
3398 4434 3459 4486 ut
3491 4430 3636 4487 alter
3662 4432 3817 4488 Pha-

2168 4537 2288 4586 rao,
2322 4536 2435 4591 quo
2467 4519 2657 4590 magis
2700 4518 2990 4588 atteritur,
3023 4536 3088 4575 eo
3119 4520 3308 4591 magis
3339 4520 3684 4589 obduratur,
3718 4536 3819 4593 pe-

2161 4610 2407 4680 joraque
2456 4608 2694 4663 molitur
2739 4607 2799 4662 in
2848 4607 2972 4663 dies
3005 4609 3068 4663 ‘9.
3102 4610 3174 4663 At
3202 4625 3333 4664 ecce
3379 4610 3816 4681 improbitatem

401 4699 614 4773 ημέραν
677 4696 901 4754 ἐπενόει.
964 4698 1063 4751 Καὶ
1109 4694 1252 4751 ἐστιν
1309 4697 1472 4751 αὐτοῦ
1520 4702 1682 4751 τοῦτο
1751 4695 2050 4773 παράδοξον

2169 4698 2341 4770 plane
2389 4698 2735 4769 stupendam
2769 4714 2781 4751 :
2816 4697 2956 4751 dum
3009 4698 3263 4769 episcopi
3314 4698 3727 4772 ablegarentur
3754 4699 3815 4755 in

399 4793 504 4857 τῆς
552 4786 821 4862 πονηρίας
868 4806 880 4817 ·
932 4790 1040 4840 τῶν
1095 4787 1198 4862 γὰρ
1253 4785 1560 4840 ἐπισκόπων
1617 4784 2006 4863 ἐξοριζομένων
2038 4832 2053 4857 ,

403 4870 684 4931 συνέϐαινε
713 4876 802 4931 καὶ
837 4873 1045 4937 ἄλλους
1074 4877 1224 4937 τινὰς
1253 4873 1320 4930 δι’
1353 4873 1675 4951 ἐγκλήματα
1723 4877 1887 4953 φόνου
1921 4878 2054 4951 (50),

403 4966 440 5035 ἢ
491 4966 729 5028 στάσεως
758 5010 772 5035 ,
822 4966 857 5034 ἣ
910 4962 1129 5034 κλοπῆς
1166 5007 1181 5033 ,
1229 4966 1365 5020 κατὰ
1407 4966 1508 5034 τὴν
1556 4969 1654 5019 τοῦ
1703 4963 2056 5039 ἐγκλήματος

412 5054 704 5125 ποιότητα,
764 5049 1063 5129 λαμϐάνειν
1114 5055 1213 5123 τῆν
1272 5051 1564 5124 καταδίκην
1618 5074 1630 5086 ·
1682 5055 1772 5109 καὶ
1828 5054 2054 5119 τούτους

2166 4787 2459 4854 exsilium,
2493 4785 2706 4841 accidit
2735 4785 3023 4857 quosdam
3054 4786 3219 4855 alios,
3256 4789 3431 4843 caedis
3460 4788 3550 4843 vel
3584 4788 3821 4844 seditio-

2168 4877 2279 4947 nis,
2313 4876 2401 4931 vel
2433 4876 2590 4946 t‘urti,
2614 4892 2717 4947 pro
2739 4874 2974 4930 sceleris
3004 4877 3178 4931 modo
3210 4877 3588 4933 condemnari
3619 4895 3631 4933 :
3668 4893 3816 4949 quos

2168 4967 2403 5039 quidem
2438 4969 2568 5037 post
2598 4981 2831 5020 menses
2861 4982 3081 5036 paucos
3112 4970 3350 5038 rogatus
3383 4966 3501 5037 ille,
3533 4967 3817 5039 quemad-

2169 5057 2409 5112 modum
2442 5054 2769 5110 Barabbam
2820 5053 3065 5121 Pilatus,
3099 5073 3131 5111 a
3180 5072 3349 5128 poena
3378 5056 3659 5124 absolvit;
3695 5072 3819 5111 ser-

473 5218 518 5252 ³⁸
548 5216 756 5273 Matth.
808 5234 927 5289 xvr,
959 5218 1050 5274 24.
1082 5218 1127 5252 3’
1170 5217 1345 5275 Joan.
1388 5235 1465 5285 v1,
1496 5219 1586 5273 68.
1619 5217 1664 5253 ⁴⁰
1697 5219 1716 5273 Ι
1766 5221 1904 5291 Reg.
1936 5236 2053 5291 xxr,
2092 5222 2182 5275 22.
2215 5219 2253 5253 "
2292 5217 2366 5273 III
2398 5216 2538 5287 Reg.
2570 5232 2686 5285 xxx,
2716 5216 2807 5270 20.
2839 5216 2883 5249 ⁴²
2913 5216 3092 5272 Exod.
3122 5234 3197 5285 1x,
3230 5217 3319 5273 35.

499 5384 590 5456 42)
620 5385 707 5440 Ita
738 5383 879 5456 Reg.
912 5384 1087 5454 Editi,
1124 5385 1296 5456 male,
1326 5384 1423 5447 τὰς
1445 5381 1737 5456 (ἀληθείας.

499 5386 569 5439 42
620 5386 707 5440 Ita
738 5386 879 5456 Reg.
912 5386 1087 5454 Editi,
1124 5386 1277 5443 male
1326 5386 1423 5447 τὰς
1455 5386 1508 5438 ἀ)

501 5457 570 5511 43
622 5457 705 5538 Ita
736 5456 876 5528 Reg.
909 5456 1062 5512 Editi
1087 5474 1241 5525 vero,
1276 5427 1508 5513 ἐναντία.

501 5528 569 5582 44
620 5531 712 5582 Sic
744 5528 883 5601 Reg.
920 5527 1095 5584 Basil.
1130 5533 1196 5585 ut
1225 5529 1363 5584 edit.
1396 5534 1508 5584 Par

536 5614 625 5654 eg.
674 5616 837 5654 xvm.
866 5599 957 5654 22.
994 5600 1142 5654 Edit.
1198 5600 1480 5654 Commel.

501 5527 590 5601 44)
620 5527 712 5582 Sic
744 5527 883 5601 Reg.
912 5527 1095 5601 Basil.
1130 5533 1196 5585 ut
1212 5529 1363 5601 edit.
1396 5529 1623 5601 Paris.,_
1640 5532 1698 5584 et
1730 5527 1813 5601 ita
1849 5527 2063 5601 legitur

536 5594 630 5672 eg,
674 5594 859 5668 xvm,‘
866 5599 957 5657 22.
994 5600 1142 5656 Edit.
1198 5600 1480 5657 Commel.
1514 5594 1688 5669 male,
1721 5594 2062 5669 ὀϐδοήνῖοντα

408 5600 437 5655 1
484 5600 625 5672 Reg.
674 5616 746 5654 xv

404 5668 539 5797 (sic)
569 5668 746 5726 πέντε.

476 5745 520 5810 (Δ
539 5742 595 5810 5)
626 5741 712 5798 Ita
740 5743 746 5797 l

410 5806 618 5876 Νόϐϐἀ.
650 5813 781 5875 Mox
807 5806 897 5873 δῖα(
927 5817 1061 5892 post
1103 5806 1277 5879 οὕτῖυς
1308 5815 1473 5875 deest
1504 5806 1566 5875 i'n
1597 5806 1763 5893 Regi,
1793 5814 1855 5875 in
1884 5814 2059 5877 editis

540 5742 595 5816 ᾗ)
626 5741 712 5816 Ita
740 5742 902 5816 Reg._,
934 5746 992 5799 et
1022 5741 1105 5798 sic
1134 5741 1347 5816 legitur
1376 5744 1397 5798 Ι
1428 5743 1568 5816 Reg.
1594 5759 1732 5816 ξω,
1778 5743 1865 5816 19.
1898 5742 2064 5816 Editi

2171 5402 2306 5442 vero
2335 5383 2568 5455 legitur.
2604 5382 2780 5456 Paulo
2812 5388 2944 5456 post
2977 5384 3149 5441 Basil.
3185 5379 3574 5439 διαϐάλλοντα.

2268 5458 2355 5529 46)
2389 5456 2544 5531 13.63;
2561 5454 2778 5531 γράφειτ

2268 5523 2356 5594 47)
2385 5523 2647 5599 Sig—Reg.
2682 5523 2942 5599 'etrBaSil.
2976 5528 3149 5598 Editi,
3183 5528 3355 5599 male,
3388 5525 3486 5582 οὐκ
3510 5523 3686 5589 ὄντας.

2266 5600 2353 5670 48)
2384 5594 2519 5651 Οὐδὲ
2552 5594 2711 5670 deest
2742 5598 2801 5652 in
2834 5599 2973 5670 Reg.

2268 5668 2355 5742 49)
2386 5670 2469 5725 Ita
2499 5669 2638 5742 Reg.
2673 5669 2737 5727 In
2768 5668 2943 5742 editis
2969 5668 3067 5723 κᾶν
3102 5672 3485 5730 desideratur.

2242 5740 2359 5817 (50)
2390 5740 2607 5816 Regius
2632 5742 2813 5799 codex
2841 5740 3022 5825 φόνον.
