4132 6374
424 472 554 542 ηπ

1377 470 1744 541 HISTORIA
1787 467 2264 539 ARIANORUM
2306 475 2411 539 AD
2454 471 2906 545 MONAGHOS.

3718 474 3841 542 ἨΒ

422 609 607 668 «πίνων
639 609 824 676 αὐτοῖς
849 613 951 684 τήν
977 632 1039 669 τε
1065 610 1202 669 κατὰ
1244 614 1351 667 τῶν
1402 608 1709 667 ἐπισκόπων
1759 602 2082 677 ἐπιϐουλήν,

2200 612 2312 666 tem
2358 609 2477 667 illis
2523 614 2811 686 propinet,
2843 631 2951 672 nec
2998 630 3116 672 non
3163 616 3511 688 potestatem
3542 612 3603 671 in
3648 614 3840 673 Eccle-

434 701 526 757 καὶ
554 703 653 771 τὴν
692 707 799 759 τῶν
830 701 1168 773 Ἐκκλησιῶν
1208 700 1470 772 ἐξουσίαν.
1521 697 1659 757 Ἰδοὺ
1690 698 1793 773 γάρ
1842 696 1936 752 καὶ
1987 700 2078 751 νῦν

433 788 600 846 πάλιν
644 790 863 869 ἐτάραξε
908 794 1005 854 τὰς
1058 792 1109 847 ἐν
1162 787 1540 863 Ἀλεξανδρείᾳ
1585 785 1941 859 Ἐκκλησίας,
1992 784 2082 841 καὶ

418 880 529 942 τὰς
579 880 634 935 ἐν
687 880 952 956 Αἰγύπτῳ
998 882 1087 935 καὶ
1142 875 1370 941 Λιϐύαις
1418 879 1615 940 πάσαις
1650 898 1660 909 ·
1694 876 1783 931 καὶ
1838 879 2082 953 φανερῶς

432 971 726 1043 προσέταξε
773 970 901 1033 τοὺς
955 972 1048 1044 μὲν
1096 978 1199 1040 τῆς
1248 967 1556 1037 Καθολικῆς
1609 964 1936 1035 Ἐκκλησίας
1992 964 2083 1020 καὶ

431 1066 534 1128 τῆς
728 1055 999 1122 εὐσεϐείας
1058 1059 1385 1121 ἐπισκόπους
1436 1053 1793 1113 ἐκϐάλλεσθαι
1844 1058 1951 1110 τῶν
1999 1052 2081 1108 ἐκ-

433 1147 703 1217 κλησιῶν,
754 1154 871 1210 τοῖς
906 1146 963 1204 δὲ
1005 1150 1071 1203 τά
1118 1148 1332 1222 Ἀρείου
1384 1152 1641 1227 φρονοῦσι
1690 1146 1863 1206 πάσας
1918 1142 2081 1205 αὐτὰς

426 1235 844 1314 παραδίδοσθαι.
910 1238 1081 1293 Σοῦτό
1137 1259 1196 1292 τε
1252 1240 1365 1311 (59)
1411 1242 1587 1292 ποιεῖν
1621 1237 1649 1291 ὁ
1703 1230 2083 1311 στρατηλάτης

422 1326 656 1403 ἤρξατο·
708 1327 797 1382 καὶ
861 1325 1053 1382 λοιπὸν
1108 1327 1395 1381 ἐπίσκοποι
1439 1324 1675 1399 δέσμιοι,
1727 1317 2083 1399 πρεσϐύτεροί

424 1437 493 1472 τε
520 1416 609 1473 καὶ
644 1417 966 1489 μονάζοντες
998 1414 1449 1492 σεσιδηρωμένοι,
1489 1414 1581 1470 καὶ
1628 1411 1879 1488 πληγαῖς
1925 1430 2085 1465 κατα-

426 1506 690 1567 ·κοπέντες
742 1502 832 1560 ξ’σα
906 1506 1120 1579 θανάτῳ
1154 1550 1168 1576 ,
1224 1505 1691 1581 παρεπέμφθησαν
1719 1545 1732 1557 .
1793 1502 1974 1555 Πάντα
2025 1519 2086 1553 τε

432 1596 570 1651 κατὰ
622 1594 789 1650 τόπον
838 1595 1155 1669 τετάρακται
1186 1594 1313 1649 ’καὶ
1362 1597 1397 1663 ἡ
1451 1590 1727 1668 Αἴγυπτος
1772 1589 1862 1645 καὶ
1906 1582 2083 1656 Λιϐύη

422 1690 577 1739 ⁴πάσα
604 1680 923 1757 κινδυνεύει,
957 1688 1063 1738 τῶν
1096 1681 1245 1737 λαῶν
1286 1680 1825 1756 δυσανασχετούντων
1879 1677 1967 1733 ἐπὶ
2007 1680 2087 1748 τῷ

432 1773 739 1849 παρανόμῳ
785 1774 1168 1848 προστάγματι
1212 1771 1394 1844 τούτῳ
1438 1773 1573 1845 (60),
1626 1770 1717 1826 καὶ
1772 1767 2083 1845 βλεπόντων

2192 697 2329 754 sias.
2362 700 2667 758 Enimvero
2692 705 2820 775 jam
2860 706 3051 762 denuo
3081 704 3505 762 Alexandrinas
3536 704 3842 778 perturba-

2190 786 2273 842 vit
2302 788 2605 857 Ecclesias,
2637 798 2811 866 atque
2840 811 2938 851 eas
2961 812 3089 867 quas
3120 795 3180 851 in
3212 796 3413 868 IEgyto
3436 794 3495 851 in
3530 794 3843 868 Libyisque
3936 855 3941 862 _

2192 877 2342 934 δοῦ
2379 877 2688 937 habentur.
2724 884 3031 956 Edixitque
3076 884 3292 957 palam,
3326 884 3624 941 catholicae
3652 884 3845 941 Eccle-

2190 966 2290 1021 siae
2321 967 2674 1042 pietatisque
2724 978 3040 1030 sectatores
3091 975 3398 1047 episcopos
3446 974 3843 1030 exturbandos

2191 1070 2260 1110 ex
2290 1056 2569 1127 ecclesiis,
2600 1059 2850 1133 illasque
2872 1064 3185 1119 tradendus
3216 1080 3420 1118 omnes
3453 1062 3527 1119 iis
3557 1064 3655 1136 qui
3682 1064 3843 1133 Aria-

2192 1144 2318 1200 nice
2368 1148 2670 1204 sentirent.
2706 1151 2853 1207 Illud
2887 1169 3058 1225 agere
3081 1154 3209 1224 jam
3255 1152 3429 1225 coepit
3459 1154 3579 1209 dux
3624 1154 3844 1210 exerci-

2188 1238 2289 1289 tus
2324 1250 2335 1289 :
2372 1252 2438 1290 ac
2474 1237 2747 1311 deinceps
2780 1241 3037 1314 episcopi
3084 1241 3333 1298 vinculis
3365 1243 3687 1311 constricti,
3722 1260 3845 1315 pre-

2192 1323 2410 1395 sbyteri
2437 1329 2495 1380 et
2518 1329 2791 1383 monachi
2826 1330 3026 1387 terreis
3056 1331 3276 1387 catenis
3306 1331 3494 1405 ligati,
3520 1333 3593 1387 ad
3617 1348 3847 1389 necem-

2194 1428 2309 1483 que
2342 1412 2459 1469 fere
2489 1415 2681 1488 plagis
2705 1418 2944 1490 concisi,
2968 1419 3205 1493 relegati
3230 1425 3388 1477 sunt.
3422 1421 3596 1478 Mista
3626 1422 3847 1494 ubique

2191 1501 2439 1559 omnia:
2495 1504 2555 1559 in
2604 1507 2860 1578 periculo
2908 1513 3173 1565 versatur
3218 1513 3500 1583 Egyptus
3548 1527 3613 1566 ac
3666 1510 3847 1585 Libya

2190 1594 2335 1658 tota,
2369 1595 2604 1666 populis
2624 1596 2879 1652 edictum
2908 1598 3200 1669 ejusmodi
3222 1598 3636 1671 indignissime
3663 1599 3848 1655 teren-

2193 1679 2375 1752 tibus,
2406 1686 2465 1737 et
2479 1684 2821 1741 Antichristi
2853 1691 3199 1759 apparatum
3234 1687 3626 1760 cernentibus,
3657 1688 3846 1745 idem-

2196 1784 2310 1840 que
2341 1787 2450 1826 sua
2482 1773 2635 1829 bona
2666 1773 2737 1829 ab
2768 1774 2901 1831 aliis
2932 1775 3161 1848 direpta
3187 1776 3592 1849 haereticisque
3611 1777 3844 1833 tradita.

422 1863 535 1931 τὴν
588 1866 685 1917 τοῦ
731 1861 1111 1939 ’Δντιχρίστου
1156 1861 1529 1934 παρασκευὴν,
1567 1859 1656 1914 καὶ
1698 1860 1775 1914 τὰ
1806 1856 1919 1913 ἰ¹δια
1966 1856 2057 1911 ἀπ’
2089 1853 2263 1910 αὐτῶν
2302 1858 2395 1931 μὲν
2429 1862 2543 1934 (61)
2573 1862 2940 1937 ἀρπαζόμενα,
2973 1868 3092 1926 τοῖς
3125 1860 3182 1919 δὲ
3205 1864 3497 1941 αἱρετικοῖς
3530 1861 3850 1939 ἐκδιδόμενα

422 1954 625 2007 ταῦτα.

501 2042 593 2097 71.
652 2037 792 2095 Πότε
842 2037 953 2094 οὖν’
984 2038 1225 2111 ἠκούσθη
1275 2038 1511 2109 τοσαύτη
1561 2032 2086 2114 παρανομία;πότε

2262 2039 2355 2094 71.
2388 2040 2773 2105 Quandonam
2797 2046 2961 2097 tanta
2982 2043 3183 2099 audita
3202 2048 3287 2100 est
3308 2044 3592 2117 iniquitas
3612 2044 3641 2100 ?
3662 2061 3849 2118 quani

426 2149 485 2183 τι
520 2134 739 2184 τοιοῦτο
787 2128 884 2183 κᾶν
940 2129 992 2184 ἐν
1042 2127 1279 2205 διωγμῷ
1330 2130 1524 2205 γέγονε
1564 2126 1730 2183 κακόν
1769 2122 2087 2194 εἘλληνες

434 2217 716 2293 γεγόνασιν
768 2219 821 2272 οἱ
868 2217 1134 2295 πρότερον
1183 2216 1495 2289 διώξαντες·
1552 2215 1682 2272 ἀλλ’
1742 2214 1843 2271 οὐκ
1884 2214 1961 2277 εἰς
1990 2214 2086 2275 τὰς

430 2314 727 2386 ἂκλησίας
772 2315 1087 2390 εἰσήνεγκαν
1118 2318 1185 2371 τά
1228 2313 1452 2372 εἴδωλα.
1506 2312 1746 2372 Ἰουδαία
1794 2314 1863 2382 ἦν
1915 2318 2084 2380 Ζηνο-

431 2399 528 2459 ϐία
560 2448 576 2474 ,
631 2404 721 2459 καὶ
754 2402 974 2460 Παύλου
1004 2405 1240 2481 προέστη
1273 2409 1372 2459 τοῦ
1406 2404 1770 2477 Σαμοσατέως
1812 2420 1825 2433 ·
1862 2398 1985 2457 ἀλλ’
2024 2398 2085 2455 ού

424 2498 637 2558 ’δέδωκε
687 2503 785 2564 τὰς
844 2500 1138 2571 ἐκκλησίας
1183 2507 1298 2565 τοῖς
1367 2499 1652 2563 Ἰουδαίοις
1711 2501 1788 2563 εἰς
1847 2520 2087 2573 συναγω-

429 2592 550 2666 γάς.
580 2590 778 2646 Καινόν
830 2589 942 2645 ἐστι
971 2594 1133 2645 τοῦτο
1176 2590 1345 2663 μύσος
1376 2592 1489 2663 (62)
1523 2608 1537 2621 ·
1565 2588 1664 2645 οὐκ
1703 2585 1842 2644 ἔστιν
1896 2585 2084 2649 ἀπλῶς

430 2676 702 2753 διωγμὸς,
736 2677 883 2733 ἀλλὰ
933 2676 1183 2755 διωγμοῦ
1236 2680 1329 2753 μὲν
1371 2677 1559 2735 πλέον·
1592 2678 1853 2754 προίμιον
1891 2675 1949 2732 δὲ
1996 2677 2085 2731 καὶ

432 2777 743 2849 παρασκευὴ
782 2782 881 2831 τοῦ
930 2777 1333 2853 ’Δντιχρίστου.
1380 2780 1573 2835 "Ea—rm
1630 2778 1756 2851 γάρ,
1804 2775 1895 2830 καὶ
1953 2774 2089 2833 κατὰ

429 2864 774 2935 ’Δθανασίου,
837 2866 929 2919 καὶ
985 2868 1122 2921 κατά
1177 2870 1283 2920 τῶν
1346 2862 1532 2921 ἄλλων
1586 2862 1937 2934 πέπισκόπῶν,
1994 2864 2087 2927 οὓς

431 2954 713 3031 ἐξώρισαν,
756 2955 1056 3033 προφάσεις
1102 2952 1407 3010 ἐπλάσαντο
1448 2952 1662 3028 ψευδεῖς
1692 2974 1706 2987 ·
1738 2955 1791 3008 τί
1839 2954 1976 3030 πρὸς
2023 2955 2086 3009 τὸ

425 3054 608 3108 καινὸν
642 3050 980 3125 ἐπιτήδευμα
1007 3056 1169 3107 τοῦτο
1198 3073 1222 3119 ;
1249 3052 1409 3108 ποίαν
1443 3050 1546 3125 ἄρα
1573 3052 1841 3130 πρόφασιν
1896 3048 2083 3128 ἔχουσι

426 3144 564 3197 κατὰ
594 3144 794 3212 ,πάσης
841 3148 944 3212 τῆς
993 3140 1296 3217 Αἰγύπτου,
1329 3140 1419 3196 καὶ
1468 3136 1700 3212 Λιϐύης,
1744 3141 1835 3195 καὶ
1883 3146 2082 3196 Πεντα-

428 3228 646 3292 πόλεως
686 3231 851 3285 εἰπεῖν
887 3248 900 3298 ;
936 3228 1072 3285 Ούδὲ
1122 3232 1227 3305 γάρ
1276 3231 1391 3283 καθ’
1438 3225 1661 3285 ἕκαστον
1706 3225 2075 3284 ἐπιϐουλεύειν

428 3326 683 3405 ἤρξαντο,
710 3326 805 3382 ’ίνα
847 3328 942 3384 κᾶν
985 3326 1278 3402 ψεύσασθαι
1325 3324 1655 3398 δυνηθῶσινο
1694 3325 1821 3382 ἀλλ’
1869 3325 2077 3401 ἀθρόως

430 3423 591 3472 πᾶσιν
652 3415 923 3484 ἐπέθεντο,
974 3414 1086 3486 ἵνα,
1140 3417 1236 3471 κᾶν
1290 3413 1489 3471 θέλωσι
1548 3413 1874 3487 πλάσασθαι,
1920 3435 2081 3469 κατα-

430 3508 765 3581 γνωσθῶσιν.
824 3504 1141 3585 Ἐτύφλωσε
1198 3511 1328 3581 γοῦν
1387 3504 1561 3560 αύτῶν
1624 3505 1676 3560 ἐν
1727 3504 1944 3567 τούτοις
1982 3506 2083 3573 τήν

432 3592 671 3651 διάνοιαν
699 3598 733 3665 ἡ
765 3596 947 3665 κακία,
980 3596 1070 3651 καὶ
1100 3597 1303 3658 πάντας
1350 3593 1543 3657 ἁπλῶς
1590 3597 1719 3657 τοὺς
1759 3592 2084 3656 ἐπισκόπους

435 3693 855 3772 ἀπροφασίστως
902 3692 1138 3764 ἠξίωσαν
1198 3687 1556 3748 ἐκϐάλλεσθαι
1613 3712 1625 3724 ·
1671 3690 1763 3747 *ίνα
1820 3689 2086 3763 δείξωσιν,

433 3781 518 3838 ὅτι
548 3781 1033 3839 κατάἋθανασίου
1061 3782 1151 3838 καὶ
1194 3783 1331 3837 κατὰ
1376 3784 1484 3835 τῶν
1534 3778 1724 3836 ἄλλων
1756 3780 2088 3849 ἐπισκόπων,

434 3877 838 3956 οὖςηέξώρισαν,
869 3881 1169 3959 προφάσεις
1204 3878 1517 3935 ,ἐπλάσαντο
1565 3876 1802 3949 ψευδεῖς,
1835 3876 1904 3934 δι’
1935 3878 2086 3936 οὐδὲν

431 3966 616 4045 ἕτερον
647 3970 685 4038 ἢ
738 3966 830 4024 διὰ
865 3971 965 4037 τήν
1023 3969 1220 4045 μιαρὰν
1271 3966 1475 4043 ατίρεσιν
1528 3972 1635 4023 τῶν
1684 3970 2089 4045 Χριστομάχων

432 4058 752 4132 Ἀρειανῶν.
812 4062 983 4113 Τοῦτο
1040 4059 1145 4133 γὰρ
1207 4057 1401 4113 λοιπὸν
1460 4056 1523 4113 ού
1578 4058 1871 4135 κέκρυπται
1929 4060 2090 4132 (63),

437 4151 585 4211 ἀλλὰ
616 4160 749 4211 πᾶσι
784 4153 1044 4225 μάλιστα
1090 4159 1183 4210 νῦν
1235 4156 1427 4231 γέγονε
1469 4153 1717 4234 φανερόν.
1778 4156 2091 4212 ’Δθανάσιον

441 4245 537 4318 μὲν
569 4246 673 4321 γὰρ
704 4245 1024 4317 προσέταξεν
1077 4240 1437 4300 ἐκϐάλλεσθαι
1479 4252 1581 4314 τῆς
1612 4243 2091 4315 πόλεως,ἐκείνοις

438 4327 878 4405 δἐπαραδέδωκε
931 4334 1028 4395 τάς
1080 4331 1395 4403 ἐκκλησίας.
1450 4333 1549 4388 Καὶ
1607 4335 1659 4389 οἱ
1710 4335 1804 4409 μὲν
1862 4331 2094 4412 πρεσϐύ-

440 4443 593 4500 τεροι
618 4420 711 4477 καὶ
743 4421 796 4474 οἱ
826 4417 1089 4489 διάκονοι,
1140 4422 1192 4476 οῖ
1248 4426 1360 4495 μιτ⁴
1409 4421 1731 4493 αύτοῦ,-ἀπὸ
1774 4425 1980 4500 Πέτρου
2006 4426 2096 4481 καὶ

435 4516 798 4595 Ἆλιξάνδρου
851 4520 1222 4595 τυγχάνοντες
1255 4564 1269 4589 ,
1325 4514 1691 4577 ἐκϐάλλονται
1762 4523 1853 4577 καὶ
1920 4544 2095 4601 φυγα-

439 4605 683 4665 δεύονται
720 4628 731 4640 ⁸
767 4609 819 4662 οἱ
847 4606 904 4665 δὲ
936 4606 1158 4679 άληθῶς
1208 4609 1499 4685 ’Δρειανοὶ,
1534 4610 1586 4663 οῖ
1630 4611 1705 4684 μὴ
1740 4608 1927 4682 ἔξωθεν
1960 4612 2097 4685 ἀλη-

438 4699 547 4761 θῶς
577 4697 974 4771 ὑπονοούμενοι
1000 4694 1273 4772 (64),ἆλλ’
1303 4698 1356 4752 οἱ
1388 4698 1439 4769 ἐξ
1472 4699 1653 4776 ἀρχῆς
1685 4697 1774 4756 διὰ
1800 4703 1901 4772 τήν
1947 4714 2095 4780 αϊρε-

2196 2127 2437 2197 donam,
2456 2129 2546 2185 vel
2578 2137 2834 2202 tempore
2856 2132 3538 2205 persecutionis,malum
3562 2132 3852 2205 ejusmodi

2194 2216 2527 2273 admissum
2550 2223 2644 2274 est
2662 2219 2691 2274 ?
2711 2219 2941 2275 Ethnici
2966 2223 3253 2295 erantqui
3279 2222 3525 2278 antehac
3547 2238 3856 2296 perseque-

2198 2306 2413 2361 bantur
2445 2323 2458 2360 :
2493 2310 2552 2363 at
2573 2324 2943 2380 nequaquam
2977 2309 3135 2367 idola
3162 2310 3247 2365 illi
3272 2311 3332 2367 in
3362 2312 3637 2368 ecclesias
3666 2312 3853 2369 intro-

2198 2394 2434 2451 duxere.
2465 2395 2655 2452 Junea
2684 2402 2810 2453 erat
2832 2399 3103 2466 Zenobia,
3139 2403 3196 2456 et
3226 2400 3391 2456 Pauli
3422 2401 3853 2458 Samosatensis

2198 2488 2482 2557 patrona;
2517 2489 2576 2540 at
2604 2502 2977 2559 nequaquam
3009 2488 3231 2545 Judaeis
3279 2489 3558 2547 ecclesias
3586 2490 3850 2561 tradidit,

2196 2577 2262 2629 ut
2284 2589 2385 2629 eas
2416 2574 2479 2629 in
2510 2591 2838 2648 synagogas
2859 2581 3278 2634 converterent.
3300 2578 3563 2636 lnsolens
3582 2597 3735 2637 sane
3763 2584 3853 2637 est

2198 2662 2317 2719 haec
2359 2663 2738 2733 abominatio,
2770 2682 2877 2721 nec
2926 2670 3157 2722 tantum
3189 2669 3536 2740 persecutio,
3566 2669 3667 2726 sed
3715 2669 3850 2742 plus

2198 2769 2377 2826 quam
2409 2754 2735 2824 persecutio
2778 2753 3066 2826 habenda,
3098 2757 3561 2829 prooemiumque
3590 2762 3648 2815 et
3674 2776 3850 2832 appa-

2197 2847 2362 2899 ratus
2388 2842 2754 2898 Antichristi.
2771 2844 2905 2900 Esto
2937 2849 3141 2901 contra
3159 2845 3851 2923 Athanasium,aliosque

2196 2931 2500 3003 episcopos
2522 2931 2581 2987 in
2602 2932 2873 2989 exsilium
2898 2934 3130 3003 missos,
3148 2934 3329 2992 falsas
3346 2937 3728 2993 confinxerint
3744 2938 3853 2994 cri-

2197 3020 2573 3091 minationes,
2621 3038 2726 3076 cur
2772 3038 2986 3078 novum
3034 3022 3093 3078 id
3141 3023 3418 3080 facinoris
3475 3025 3851 3082 admittitur?

2195 3125 2373 3180 quam
2431 3110 2959 3165 comminiscentur
3034 3127 3275 3167 causam
3334 3112 3612 3169 adversus
3663 3118 3848 3171 totam

2192 3197 2532 3269 (Egyptum,
2582 3197 2821 3270 Libyam
2872 3202 2928 3253 et
2970 3198 3534 3271 Pentapolim?N0n
3583 3201 3849 3275 singulos

2191 3286 2407 3357 quippe
2428 3286 2659 3341 insidiis
2680 3287 2805 3341 suis
2827 3288 3089 3360 aggressi
3115 3293 3351 3358 sunt,ut
3370 3290 3507 3346 hinc
3526 3291 3847 3348 mentiendi

2112 3403 2156 3471 Ο
2194 3376 2386 3430 locum
2419 3373 2671 3430 habeant
2698 3394 2710 3443 ;
2741 3376 2843 3431 sed
2886 3393 3007 3432 una
3036 3393 3241 3433 omnes
3286 3379 3474 3456 adorti
3505 3384 3665 3452 sunt,
3698 3381 3845 3437 utsi

2196 3463 2431 3520 mentiri
2454 3463 2672 3532 ausint,
2702 3464 2832 3519 falsi
2861 3469 3202 3538 arguantur.
3224 3471 3286 3523 ln
3309 3468 3405 3524 his
3424 3469 3622 3541 itaque
3637 3485 3843 3526 eorum

2198 3556 2453 3608 mentem
2503 3553 2807 3609 excaecavit
2852 3554 3079 3610 malitia
3105 3556 3149 3590 ‘7
3189 3572 3203 3610 :
3237 3557 3540 3630 episcopos
3588 3576 3848 3632 namque

2197 3658 2401 3699 omnes
2435 3640 2601 3697 nulla
2633 3642 2704 3698 de
2737 3659 2915 3699 causa
2944 3644 3077 3715 ejici
3111 3645 3486 3717 postularunt
3515 3664 3530 3703 :
3562 3652 3629 3703 ut
3651 3648 3847 3721 palam

2197 3730 2332 3788 hinc
2363 3730 2640 3797 facerent,
2664 3746 2727 3786 se
2756 3731 2815 3786 in
2840 3732 3228 3813 Athanasium
3256 3733 3606 3808 inpaliosque
3625 3736 3851 3809 episco-

2199 3836 2326 3892 pos,
2360 3835 2508 3891 quos
2546 3818 2824 3875 fecerunt
2851 3824 3132 3889 extorres,
3165 3822 3315 3879 falsa
3362 3824 3857 3882 confinxissecri-

2199 3909 2381 3976 mina,
2413 3906 2577 3963 nulla
2602 3908 2717 3964 alia
2771 3909 2842 3964 de
2874 3926 3052 3965 causa
3101 3927 3279 3983 quam
3312 3912 3383 3968 0b
3432 3914 3855 3973 exse’crandam

2199 3997 2414 4054 Christi
2446 3997 2707 4053 hostium
2753 3998 3097 4056 Arianorum
3146 3999 3439 4057 haeresim.
3467 4001 3597 4059 Haec
3639 4003 3858 4076 quippe

2201 4104 2295 4142 res
2325 4103 2443 4143 non
2475 4085 2723 4157 occulta,
2759 4087 2861 4144 sed
2901 4088 3029 4159 jam
3080 4088 3359 4146 omnibus
3390 4089 3860 4163 exploratissima

2200 4180 2310 4233 est.
2344 4175 2652 4232 Enimvero
2697 4175 3091 4233 Athanasium
3121 4177 3301 4248 jussit
3326 4194 3399 4235 ex
3429 4180 3572 4236 urbe
3600 4181 3753 4253 ejici,
3780 4180 3856 4235 il-

2201 4264 2394 4336 lisque
2422 4264 2664 4320 tradidit
2691 4263 2987 4321 ecclesias.
3013 4267 3093 4322 Ac
3114 4266 3435 4339 presbyteri
3468 4267 3856 4339 quidem'dia-

2204 4352 2453 4425 conique
2502 4352 2652 4423 ejus,
2687 4352 2787 4424 qui
2840 4370 2874 4409 a
2923 4353 3090 4409 Petro
3119 4357 3177 4409 et
3227 4353 3558 4411 Alexandro
3603 4356 3856 4414 ordinati

2205 4442 2456 4509 fuerant,
2518 4441 2822 4514 pelluntur
2869 4442 3381 4515 proﬂiganturque
3433 4462 3447 4499 :
3492 4445 3613 4502 veri
3662 4451 3859 4504 autem

2204 4529 2422 4598 Ariani,
2456 4528 2557 4601 qui
2602 4545 2719 4585 non
2770 4529 2843 4584 ob
2874 4534 3173 4586 externam
3204 4531 3524 4603 quamdam
3571 4533 3860 4607 suspicio-
3961 4604 3965 4611 _

2206 4636 2361 4686 nem,
2395 4619 2495 4675 sed
2546 4618 2646 4690 qui
2699 4618 2771 4675 ab
2801 4618 2967 4674 initio
3017 4636 3150 4675 cum
3182 4619 3319 4676 Ario
3367 4621 3654 4679 haereseos
3682 4640 3862 4681 causa

2208 4710 2282 4766 ab
2312 4707 2641 4763 Alexandro
2674 4706 2946 4780 episcopo
2972 4707 3127 4779 pulsi
3147 4715 3307 4777 sunt,
3329 4708 3389 4764 in
3416 4710 3719 4783 superiore
3738 4712 3865 4785 qui-

439 4808 522 4843 σιν
562 4781 923 4857 ἐκϐληθέντες
976 4788 1097 4859 μετ’
1146 4786 1311 4843 αὐτοῦ
1339 4792 1436 4842 τοῦ
1485 4774 1701 4864 ’Δρείου
1748 4793 1893 4867 παρὰ
1938 4774 2087 4848 Ἀλε-

2211 4799 2346 4855 dem
2405 4796 2585 4869 Libya
2631 4774 3369 4867 Secundum—Alexandria
3434 4774 3568 4855 vero
3612 4774 3864 4858 Euzoius

442 4873 670 4953 ξάνδρου
713 4882 813 4932 τοῦ
869 4875 1195 4950 ἐπισκόπου,
1227 4875 1281 4931 ἐν
1336 4876 1431 4950 μὲν
1482 4881 1551 4951 τῇ
1608 4874 1722 4934 ἄνω
1768 4875 1941 4954 Λιϐύῃ
2001 4888 2100 4937 Σε-

439 4963 691 5036 κοῦνδος,
716 4965 768 5021 ἐν
801 4963 859 5021 δὲ
886 4969 954 5040 τῇ
985 4963 1377 5043 Ἀλεξανδρείᾳ
1405 4965 1649 5035 Εὐξώίὀς
1703 4968 1731 5022 ὁ
1778 4974 2100 5039 Χαναναῖος,

443 5064 535 5119 καὶ
569 5063 822 5135 Ἰούλιος,
855 5065 945 5119 καὶ
978 5065 1041 5119 ’Δ
1056 5084 1237 5137 μμων,
1273 5065 1496 5138 Μάρκος
1522 5084 1600 5137 τε,
1651 5066 1740 5119 καὶ
1785 5066 2101 5140 Εἰρηναῖος,

442 5153 840 5227 καῖ’Ζώσιμος,
889 5152 981 5209 καὶ
1034 5151 1327 5230 Σαραπίων
1370 5150 1605 5223 ἐπίκλην
1656 5151 1915 5211 Πελύκων
1965 5159 2100 5233 (65),

2210 4888 2598 4953 Chananazus,
2630 4885 2847 4955 Julius,
2878 4887 3152 4953 Ammon,
3184 4886 3435 4959 Marcus,
3470 4888 3743 4957 Irenazus,
3767 4890 3867 4947 Ζο-

2211 4980 2423 5041 simus,
2456 4980 2512 5030 et
2558 4974 2843 5047 Sarapion
2879 4979 3265 5048 cognomento
3297 4975 3567 5049 Pelycon,
3598 4982 3657 5034 et
3685 4980 3745 5034 in
3775 4980 3867 5039 Li-

2212 5066 2325 5139 bya
2354 5063 2744 5133 Sisinnius,et
2766 5063 3037 5133 juniores
3067 5064 3310 5136 quidam
3337 5066 3437 5138 qui
3469 5082 3587 5123 una
3608 5082 3746 5125 cum
3766 5067 3866 5126 illo

2214 5154 2395 5227 impie
2439 5152 2736 5219 sentiunt;
2769 5152 2851 5220 hi,
2883 5152 3150 5225 inquam,
3185 5153 3461 5211 ecclesias
3504 5160 3869 5229 occuparunt

442 5242 535 5299 καί
568 5242 619 5299 ἐν
675 5238 852 5318 Λιϐύῃ
892 5242 1192 5313 Σισίννιος,
1238 5242 1329 5298 καὶ
1362 5242 1415 5297 οἱ
1462 5241 1553 5298 σὺν
1603 5241 1749 5316 αύτῷ
1793 5246 2047 5322 νεώτεροι
2094 5239 2524 5307 ,συνασεϐοὖντες
2566 5238 2771 5302 αὐτοῖς·
2805 5240 2956 5295 οὗτοι
2983 5242 3078 5303 τὰς
3112 5240 3406 5311 ἐκκλησίας
3441 5238 3864 5321 παρειλήφασιν.

518 5342 563 5377 ⁵⁷
592 5342 732 5416 Sap.
766 5359 831 5411 ιι,
854 5344 951 5400 21.

663 5463 758 5538 _8ic
949 5464 1117 5538 Editi
1145 5481 1282 5521 vero
1311 5463 1552 5527 καὶτοὺς
1580 5465 1705 5538 τῆς.

534 5464 634 5535 58)
663 5464 758 5520 Sic
784 5464 928 5538 Reg.
961 5464 1117 5521 Editi
1145 5481 1282 5521 vero
1311 5464 1552 5527 καὶτοὺς
1580 5465 1666 5535 rip

512 5464 630 5678 ἓξὲξ)
656 5536 745 5619 Ita
774 5536 915 5603 Reg.
948 5536 1099 5592 Editi
1130 5542 1351 5620 autem.
1382 5540 1567 5621 Τοῦτο.
1589 5534 1666 5591 δέ.

610 5608 628 5678 )
682 5611 795 5664 Sic.
851 5610 990 5678 Reg.
1054 5612 1112 5665 et
1178 5609 1355 5665 Basll.
1420 5609 1569 5664 Edlti
1635 5627 1666 5665 v

610 5608 628 5680 )
682 5608 795 5664 Sic.
851 5610 990 5681 Reg.
1054 5612 1112 5665 et
1178 5609 1355 5665 Basil.
1420 5609 1569 5664 Editi
1635 5625 1791 5681 vero,
1858 5631 2101 5687 παραγο-

490 5722 631 5880 ficii)
654 5750 968 5809 'Mtvdeast
997 5752 1058 5808 in
1082 5751 1421 5821 editis,~sed
1453 5751 1512 5809 in
1550 5751 1690 5826 Reg.
1720 5754 1979 5810 et'Basil.
2014 5755 2097 5812 le-

490 5839 504 5877 ι
536 5839 629 5880 UP.

444 5837 629 5895 gitur.

2431 5464 2877 5554 l‘taRegnEdit'i
2906 5481 3041 5521 vero
3077 5475 3256 5537 μῖσος,

2283 5533 2399 5609 (63)
2431 5537 2577 5609 Reg.
2600 5533 2780 5589 ὤκὲτι
2810 5533 3122 5609 κέκρυπταξι.

2285 5606 2399 5683 (64)
2431 5606 2692 5683 Sic—8.8g.
2726 5608 2877 5683 Edit_i
2908 5606 3469 5683 νοζοέπινοούμενοι.

2285 5676 2399 5753 (65)
2432 5682 2521 5735 Ita
2570 5676 2709 5752 Reg.
2744 5684 2802 5753 et
2850 5679 3020 5753 Basil.
3053 5680 3228 5749 Edlti,
3260 5676 3554 5753 Πελέκυον,
3585 5679 3871 5753 vertitque

2213 5750 2503 5822 Nannius,
2522 5750 2850 5835 securicula.
2888 5752 2952 5806 Hi
2973 5757 3182 5835 autem
3204 5751 3527 5835 presbyteri
3558 5750 3871 5835 etldiacbni

2214 5826 2627 5886 memorantur
2657 5823 3125 5884 indamnations
3152 5822 3273 5884 Arii
3302 5827 3362 5883 et
3384 5822 3741 5897 in'Epistola
3766 5840 3870 5881 en-
