4132 6386
300 446 419 516 ’279

838 451 906 517 S.
950 451 1383 519 ATHANASII
1428 453 1600 519 OPP.
1647 453 1847 519 PARS
1892 453 1940 517 Ι.
1973 487 2053 500 -
2083 453 2505 520 HISTORICA
2549 453 2652 520 ET
2692 454 3177 521 DOGMATIGA.

3595 451 3718 518 780

373 588 462 642 72.
497 589 678 643 Porro
709 587 1084 644 Sebastianus
1116 590 1235 644 dux
1267 590 1556 648 exercitus
1587 590 1810 646 litteras
1840 588 1946 645 mi-

2134 590 2223 644 72.
2268 589 2368 642 Καὶ
2428 589 2455 643 ὁ
2508 588 2601 662 μὲν
2652 587 3033 664 στρατηλάτης
3093 581 3455 650 Σεϐαστιανὸς
3509 584 3717 663 ἓγραψε

301 675 381 732 sit
409 678 481 732 ad
513 693 718 733 omnes
750 678 967 749 ubique
996 677 1254 735 locorum
1280 681 1619 752 przepositos
1641 680 1953 736 militares-

303 782 417 839 que
448 767 746 838 praefectos
772 786 784 823 :
817 771 945 824 tum
975 768 1092 825 veri
1115 769 1370 842 episcopi
1395 770 1547 842 pulsi
1575 789 1588 838 ;
1623 770 1662 824 ii
1692 786 1826 826 vero
1853 770 1952 841 qui

302 855 482 928 impie
514 856 796 912 sentirent
819 873 1020 912 eorum
1053 858 1177 914 vice
1209 859 1421 914 intrusi
1455 863 1614 915 sunt.
1636 859 1955 932 Episcopos

301 951 458 1001 certe
487 950 739 1002 extorres
787 947 1047 1002 fecerunt
1075 948 1174 1019 qui
1226 948 1284 1002 in
1318 948 1470 1003 clero
1501 953 1949 1016 consenuerant,

303 1035 522 1107 quique
553 1034 768 1090 multos
801 1053 986 1091 annos
1019 1035 1076 1092 in
1127 1037 1488 1110 episcopatu,
1521 1038 1593 1092 ab
1627 1037 1952 1093 Alexandro

299 1123 584 1180 nimirum
617 1124 889 1196 episcopo
919 1125 1189 1192 ordinati,
1225 1131 1632 1199 transegerant
1664 1144 1676 1181 :
1713 1132 1951 1181 Ammo-

303 1212 468 1269 nium
502 1213 742 1280 scilicet,
761 1214 1032 1280 Hermen,
1055 1217 1505 1287 Anagamphum
1537 1221 1593 1271 et
1611 1219 1868 1271 Marcum
1891 1215 1949 1270 in

303 1303 666 1374 superiorem
716 1303 891 1358 Oasin
928 1320 942 1358 :
979 1304 1185 1367 Muim,
1219 1305 1596 1372 Psenosirim,
1629 1306 1949 1361 Nilammo-

301 1408 460 1459 nem,
494 1391 1033 1459 Plenem,Marcum
1065 1398 1121 1448 et
1153 1393 1692 1462 Athenodorum,in
1719 1397 1951 1450 Ammo-

300 1480 552 1546 niacam,
586 1497 700 1536 non
734 1480 848 1536 alia
877 1486 1090 1550 mente,
1111 1483 1265 1537 306
1293 1499 1469 1554 quam
1497 1486 1562 1538 ut
1594 1499 1696 1554 per
1724 1483 1952 1539 deserta

298 1568 429 1625 loca
459 1572 832 1625 transeuntes
861 1570 1184 1626 interirent.
1218 1573 1444 1626 Etenim
1478 1589 1548 1628 ne
1577 1573 1948 1627 infirmorum

297 1659 538 1732 quidem
573 1659 796 1715 miscrti
828 1664 968 1714 sunt
995 1685 1008 1728 ;
1041 1662 1143 1717 sed
1175 1662 1316 1716 dum
1343 1678 1491 1733 aegre
1523 1661 1654 1716 illos
1682 1661 1755 1718 ob
1785 1662 1947 1717 infir-

295 1748 562 1805 mitatem
593 1753 980 1820 asportarent,
1013 1749 1394 1822 impellebant
1419 1755 1614 1806 tamen
1637 1767 1648 1804 :
1671 1749 1949 1822 sellisque

293 1839 709 1894 deferebantur
736 1838 840 1906 illi,
869 1839 1236 1895 funeralibus
1267 1846 1339 1894 ob
1371 1840 1488 1894 vim
1521 1839 1884 1912 mgritudinis
1915 1857 1948 1895 a

2061 682 2178 739 τοῖς
2255 678 2392 732 κατὰ
2455 677 2620 734 τόπον
2685 678 3069 754 πραιποσίτοις
3137 679 3227 733 καὶ
3304 680 3719 749 στρατιωτικαῖς

2063 764 2349 836 ἐξουσίαις’
2382 768 2472 822 καὶ
2521 769 2573 822 οἱ
2609 768 2703 841 μὲν
2739 765 2961 839 ἀληθῶς
3012 766 3300 823 ἐπίσκοποι
3350 763 3718 842 ἐδιώχθησαν,

2063 856 2114 909 οἱ
2164 854 2221 910 δὲ
2262 856 2329 910 τὰ
2377 863 2482 925 τῆς
2535 853 2783 920 ἀσεϐείας
2832 861 3124 934 φρονοῦτες
3179 857 3292 911 ἀντ’
3337 854 3554 911 ἐκείνων
3609 854 3716 909 εἷσ-

2061 946 2338 1021 ήχθησαν.
2389 946 2488 1000 Καὶ
2540 945 2796 1022 ἐξώρισαν
2851 946 2944 1018 μὲν
2999 944 3328 1007 ἐπισκόπους
3375 945 3720 1019 γηράσαντας

2062 1033 2113 1088 ἐν
2145 1037 2224 1105 τῷ
2266 1030 2484 1109 κλήρῳ,
2543 1033 2634 1088 καὶ
2691 1031 2978 1096 πολυετεῖς
3037 1032 3088 1088 ἐν
3147 1037 3216 1107 τῇ
3272 1031 3564 1106 ἐπισκοπῇ,
3616 1032 3721 1086 ἀπὸ

2059 1120 2420 1197 Ἀλεξάνδρου
2451 1119 2609 1185 ὄντας
2639 1128 2736 1178 τοῦ
2770 1122 3065 1178 ἐπισκόπου
3095 1141 3108 1155 ⁸
3140 1123 3458 1196 Ἀμμώνιον
3495 1123 3589 1195 μὲν
3630 1123 3721 1177 καὶ

2057 1217 2286 1288 Ἑρμῆν,
2337 1213 2427 1267 καὶ
2479 1213 2853 1290 Ἀνάγαμφον,
2898 1213 2989 1268 καὶ
3033 1214 3249 1283 Μάρκον
3305 1214 3449 1286 (66),
3499 1210 3577 1273 εἷς
3617 1211 3718 1280 τήν

2061 1298 2171 1355 ἅνω
2224 1296 2395 1355 ὅασινο
2458 1305 2629 1356 Μοῦϊν
2688 1298 2746 1356 δὲ
2802 1301 2892 1356 καὶ
2959 1301 3270 1376 Ψενόσιριν,
3329 1300 3422 1355 καὶ
3479 1297 3718 1374 Νειλάμ-

2064 1410 2236 1460 μωνα,
2286 1389 2377 1443 καὶ
2429 1387 2680 1460 Πλήνην,
2732 1389 2823 1445 καὶ
2870 1390 3124 1466 Μάρκον,
3171 1389 3261 1444 καὶ
3315 1386 3717 1465 Ἀθηνόδωρον,

2090 1478 2104 1500 9
2213 1480 2225 1495 ε
2302 1479 2315 1499 θ
2646 1479 2659 1498 \
2757 1475 2781 1495 ἢ
2810 1479 2824 1499 9
2896 1477 2908 1497 9
2927 1475 2969 1496 κς
3057 1475 3081 1498 υ
3311 1478 3321 1494 \
3367 1475 3378 1496 '
3558 1478 3572 1496 κ
3648 1481 3675 1492 ω

2061 1500 2138 1541 εις
2167 1500 2268 1548 την
2321 1484 2723 1552 Αμμωνιακην,
2754 1499 2806 1532 οι
2855 1487 3007 1533 ουὸεν
3060 1499 3238 1555 ετερον
3288 1480 3324 1546 ἢ
3352 1478 3446 1532 ἳνα
3492 1474 3582 1532 δια
3608 1498 3717 1532 των

2061 1568 2282 1644 ἐρήμων
2317 1565 2668 1644 διερχόμενοι
2717 1567 3110 1637 τελευτήσωσι.
3161 1566 3262 1622 Καὶ
3307 1567 3411 1642 γὰρ
3461 1563 3585 1622 οὐδὲ
3626 1587 3719 1621 νο-

2059 1661 2284 1719 σοῦντας
2336 1656 2531 1719 αὐτοὺς
2579 1655 2844 1727 ἠλέησαν.
2893 1653 3038 1710 ἀλλά
3078 1655 3168 1710 καὶ
3225 1655 3435 1731 βαρέως
3485 1653 3575 1710 διὰ
3617 1657 3716 1725 τὴν

2061 1747 2331 1800 ἀσθένειαν
2391 1747 2648 1824 φέροντες
2704 1743 2985 1814 ἤλαυνον,
3035 1744 3173 1800 ὥστε
3228 1743 3470 1822 φορείοις
3525 1743 3720 1806 αὐτοὺς

2058 1837 2442 1911 ἀποφέρεσθαι,
2491 1835 2580 1889 καὶ
2615 1831 2704 1889 διὰ
2731 1836 2831 1904 τὴν
2885 1835 3040 1889 νόσον
3101 1832 3486 1890 ἐπακολουθεῖν
3539 1833 3724 1897 αὐτοῖς

289 1933 450 2000 tergo
473 1928 990 2000 subsequentibus.
1016 1928 1351 1984 Exstinctus
1372 1928 1566 2000 itaque
1588 1932 1675 1984 est
1704 1945 1859 1984 unus
1880 1945 1946 1984 ex

2060 1925 2122 1979 τὰ
2152 1923 2390 2002 ἐντάφια.
2445 1923 2706 1978 Ἀπέθανε
2755 1927 2886 1998 γοῦν
2922 1925 2998 1985 εἴς
3045 1921 3097 1994 ἐξ
3129 1922 3330 1993 αὐτῶν,
3359 1923 3451 1978 καὶ
3483 1920 3610 1978 οὐδὲ
3654 1923 3720 1978 τὸ

2098 2018 2124 2028 -
2471 2013 2482 2026 .
2759 2014 2772 2028 η
2906 2014 2915 2028 .
3022 2014 3046 2028 ,κ
3244 2017 3266 2028 ..
3373 2009 3446 2028 η.
3634 2019 3643 2028 .
3698 2013 3711 2028 .

293 2016 434 2087 illis,
468 2017 640 2089 cujus
669 2018 914 2072 cadaver
941 2017 1067 2072 suis
1099 2017 1485 2073 auferendum
1509 2034 1625 2073 non
1655 2034 1952 2073 concesse-

293 2111 454 2163 runt.
487 2108 702 2162 Eadem
751 2107 823 2162 de
869 2123 1048 2162 causa
1078 2107 1457 2162 Dracontium
1506 2107 1844 2179 episcOpum
1876 2107 1947 2163 ad

295 2197 524 2252 deserta
553 2195 702 2262 loca,
736 2195 892 2252 circa
937 2195 1173 2269 Clysma
1203 2195 1542 2268 relegarunt
1575 2214 1587 2250 :
1625 2195 1946 2264 Philonem,

296 2284 652 2358 Babylonem
689 2304 702 2342 :
755 2284 1112 2356 Adelphium
1161 2286 1220 2340 in
1276 2285 1550 2341 Psinabla
1579 2285 1897 2341 Thebaidis
1931 2301 1943 2340 :

298 2375 599 2431 Hieracem
629 2378 687 2430 et
717 2375 1057 2431 Dioscorum
1109 2375 1477 2447 presbyteros
1505 2376 1747 2444 Syenem
1778 2391 1946 2430 exsu-

294 2462 384 2520 les
415 2463 724 2519 miserunt.
751 2465 1154 2534 Ammonium,
1175 2464 1950 2536 Agathum,Agathoda3mo-

297 2569 456 2619 nem,
488 2552 885 2624 Apollonium,
920 2552 1249 2625 Eulogium,
1276 2552 1498 2624 Apollo,
1525 2552 1945 2624 Paphnutium,

298 2641 531 2709 Gaium,
579 2644 636 2696 et
681 2640 963 2707 Flavium,
1024 2640 1296 2712 antiquos
1342 2641 1667 2713 episcopos,
1719 2641 1949 2698 Diosco-

297 2747 454 2797 rum,
486 2729 887 2796 Ammonium,
922 2730 1281 2785 Heraclidem
1313 2734 1370 2785 et
1407 2730 1623 2801 Psaim,
1652 2718 1793 2786 item
1825 2731 1947 2804 epi-

295 2836 526 2890 scopos,
551 2820 611 2874 in
644 2819 842 2891 fugam
872 2823 1202 2874 verterunt:
1238 2835 1489 2890 quorum
1520 2820 1667 2875 alios
1699 2821 1769 2875 ad
1802 2819 1946 2893 lapi-

296 2908 522 2964 cidinas
553 2909 944 2974 tradiderunt,
975 2907 1120 2964 alios
1152 2909 1222 2963 ad
1271 2925 1471 2964 necem
1503 2909 1754 2965 insecuti
1785 2914 1946 2976 sunt,

293 2997 441 3054 alios
477 2997 693 3053 multos
725 2997 1040 3070 diripuere.
1082 2997 1283 3052 Laicos
1332 2997 1740 3071 quadraginta,
1771 2998 1948 3070 virgi-

294 3100 518 3156 nesque
548 3084 669 3158 igni
716 3088 849 3140 ante
881 3085 1148 3140 admotas
1199 3084 1257 3139 in
1290 3085 1560 3142 exsilium
1610 3086 1898 3142 miserunt
1930 3104 1943 3141 :

295 3191 443 3246 quas
470 3173 803 3246 palmarum
825 3173 1003 3247 virgis
1035 3173 1117 3230 ita
1147 3174 1542 3241 conciderant,
1568 3179 1632 3230 ut
1661 3174 1784 3230 aliae
1815 3180 1949 3245 post

297 3263 562 3334 quinque
587 3262 713 3319 dies
741 3261 1069 3330 interirent,
1093 3261 1219 3318 alias
1252 3263 1324 3318 ob
1358 3263 1689 3335 palmarum
1713 3264 1946 3321 aculeos

2059 2018 2221 2086 σῶμα
2277 2013 2668 2090 συνεχώρησαν
2748 2014 3106 2091 ἀποφέρεσθαι
3177 2017 3295 2075 τοῖς
3373 2009 3556 2075 ἰδίοις.
3617 2013 3723 2067 Λιά

2056 2107 2218 2157 τοῦτο
2273 2103 2365 2157 καὶ
2425 2102 2749 2179 Δρακόντιον
2797 2103 2890 2176 μὲν
2946 2101 3243 2157 ἐπίσκοπον
3293 2102 3370 2166 εἷς
3415 2103 3484 2157 τὰ
3541 2096 3724 2177 ἔρημα

2056 2193 2179 2268 περὶ
2208 2193 2270 2247 τὸ
2303 2190 2533 2265 Κλύσμα
2566 2191 2848 2263 ἐξώρισαν,
2881 2190 3112 2246 Φίλωνα
3159 2189 3218 2247 δέ
3266 2191 3344 2254 εἷς
3390 2186 3713 2260 Βαϐυλῶνα,

2055 2282 2145 2335 καὶ
2178 2283 2288 2355 (67)
2319 2278 2605 2360 Ἀδέλφιον
2639 2280 2715 2343 εἰς
2747 2276 3006 2336 Ψίναϐλα
3032 2287 3136 2350 τῆς
3168 2275 3466 2352 Θηϐαΐδος,
3507 2281 3718 2355 Ἱέρακά

2055 2391 2114 2424 τε
2141 2371 2231 2424 καὶ
2264 2369 2554 2446 Διόσκορον
2587 2371 2714 2433 τοὺς
2763 2365 3163 2444 πρεσϐυτέρους
3215 2369 3292 2432 εἷς
3345 2372 3561 2440 Σοήνην

2058 2458 2313 2536 ἐξώρισαν
2351 2479 2364 2493 °
2397 2459 2486 2514 καὶ
2520 2461 2838 2532 Ἀμμώνιον
2877 2459 2969 2532 μὶν
3009 2459 3100 2514 καὶ
3132 2460 3385 2535 Ἀγαθὸν,
3437 2458 3528 2513 καὶ
3557 2459 3719 2533 Ἀγα-

2056 2547 2386 2622 θοδαίμονα,
2442 2549 2532 2603 καὶ
2593 2546 2973 2606 Ἀπολλώνιον
3006 2596 3021 2621 ,
3095 2548 3186 2603 καὶ
3244 2545 3513 2624 Εὐλόγιον
3549 2591 3563 2616 ,
3621 2547 3714 2602 καὶ

2057 2637 2346 2707 Ἀπολλὼ,
2393 2639 2482 2692 καὶ
2539 2637 2897 2716 Παφνοότιον,
2937 2637 3028 2692 καὶ
3079 2639 3263 2707 Γάϊον,
3309 2637 3400 2693 καὶ
3440 2631 3714 2708 Φλάϐιον,

2059 2728 2323 2804 ἀρχαίους
2355 2727 2704 2796 ἐπισκόπους,
2752 2727 2843 2782 καὶ
2894 2724 3210 2803 Διόσκορον,
3237 2725 3328 2781 καὶ
3367 2726 3710 2800 Ἀμμώνιον,

2056 2816 2148 2871 καὶ
2177 2813 2562 2891 Ἡρακλείδην,
2621 2815 2710 2870 καὶ
2755 2822 2919 2884 Ψαϊν,
2969 2813 3134 2870 πάλιν
3189 2813 3539 2884 ἐπισκόπους,
3591 2814 3716 2892 ἐφυ-

2057 2903 2344 2980 γάδευσανσ
2386 2904 2476 2959 καί
2515 2905 2645 2966 τοὺς
2679 2904 2773 2978 μὶν
2826 2904 2903 2966 εἰς
2957 2903 3274 2981 λιθουργίαν
3321 2907 3432 2979 (69)
3481 2901 3715 2981 παραδε-

2058 2991 2286 3063 δώκασι,
2315 2993 2444 3055 τοὺς
2490 2990 2550 3048 δὲ
2598 2990 2820 3063 ἐδίωξαν
2851 2993 3140 3067 ἀναιρῆσαι
3187 2991 3460 3062 θέλοντες,
3506 2989 3714 3055 ἄλλους

2054 3105 2114 3138 τε
2138 3081 2386 3145 πολλοὺς
2443 3079 2770 3159 διήρπασαν.
2825 3083 2924 3137 Καὶ
2975 3080 3202 3144 λαϊκοὺς
3254 3083 3348 3156 μὲν
3386 3083 3437 3155 μ’
3475 3082 3566 3137 καὶ
3598 3085 3716 3154 (70)

2054 3173 2374 3250 παρθένους,
2435 3170 2698 3247 πρότερον
2758 3172 2904 3248 παρὰ
2968 3175 3074 3246 πῦρ
3142 3173 3436 3242 στήσαντες
3497 3169 3659 3233 αὐτὰς
3699 3216 3714 3241 ,

2057 3261 2338 3338 ἐξώρισαν·
2368 3260 2512 3315 οὕτω
2541 3259 2804 3334 κόψαντες
2853 3257 3101 3334 πληγαῖς
3149 3265 3269 3322 ταῖς
3301 3259 3406 3314 ἀπὸ
3453 3258 3711 3336 φοινίκων

294 3352 578 3407 membris
627 3351 838 3408 inﬁxos
890 3351 1101 3407 medici
1131 3368 1308 3423 opera
1353 3356 1610 3424 egerent,
1643 3357 1946 3425 morteque

2060 3328 2303 3428 ῥάϐδοις,
2337 3351 2414 3413 ὡς
2451 3350 2585 3423 μετά
2613 3328 2824 3424 ἦμέρας
2871 3328 3030 3404 πέντε
3065 3349 3161 3411 τὰς
3215 3349 3309 3423 μὶν
3355 3328 3531 3404 αὐτῶν
3581 3348 3714 3403 ἀπο-

295 3439 589 3513 graviores
621 3441 944 3513 perferrent
991 3440 1305 3496 cruciatus.
1341 3441 1624 3514 Quodque
1665 3443 1941 3510 atrocius,

293 3745 512 3819 cyclica
540 3745 1044 3819 Alexandri,infra
1072 3745 1336 3819 edendis,
1361 3749 1570 3818 praeter
1590 3751 1949 3819 Ammonem

294 3817 352 3874 et
381 3822 663 3890 Marcum,
695 3818 794 3890 qui
829 3823 958 3889 post
988 3833 1115 3890 eam
1167 3817 1706 3890 datam’epistolam
1751 3818 1950 3874 Ariani

292 3889 642 3961 deprehensi
661 3888 995 3945 et'damnati
1015 3889 1305 3944 videntur.
1323 3888 1570 3944 Euzoius
1591 3895 1785 3945 autem
1809 3896 1950 3946 tunc

294 3960 579 4016 diaconus
608 3965 838 4016 tantum
871 3965 1018 4028 erat,
1050 3965 1404 4032 vocaturque
1435 3960 1529 4015 hic
1559 3961 1948 4028 Chananmus,

295 4033 450 4106 forte
469 4033 541 4087 ob
565 4049 796 4106 morum
813 4030 1248 4106 improbitatem
1270 4030 1390 4106 qua
1407 4032 1825 4106 czeteroslonge
1849 4051 1947 4106 su,-

294 4103 817 4176 perabat.7Exstant
842 4102 998 4176 in'iis
1028 4102 1340 4176 Alexandri
1365 4104 1604 4175 scriptis
1633 4105 1730 4160 alii
1754 4102 1946 4173 inulti,

293 4174 397 4247 qui
430 4175 675 4230 forsitan
704 4174 1116 4247 jampbierant
1133 4192 1268 4247 cum
1296 4175 1415 4230 haec
1437 4174 1789 4232 Athanasius
1812 4177 1950 4232 scri-

293 4245 430 4319 psit.
468 4247 760 4319 Erantque
791 4245 888 4319 alii
921 4246 1602 4319 expurberAlexandrina,
1616 4249 1712 4304 alii
1743 4267 1812 4306 ex
1833 4251 1950 4305 Ma-

292 4317 470 4388 reote,
505 4317 912 4374 Alexandrinae
946 4317 1213 4374 dimcesis
1244 4319 1526 4391 portione.

367 4434 478 4511 (66)
539 4432 983 4511 ῌωοη-μῖεν-καὶ
1021 4432 1389 4511 Ἐλρμῆνηκαι
1439 4433 1947 4511 έΑνάγαμιρον,-καὶ

291 4504 534 4576 Μάρκον,
565 4505 628 4578 in?
657 4504 828 4578 editis
847 4505 1108 4578 deerant,
1129 4506 1228 4560 sed
1264 4505 1539 4578 leguntur
1561 4504 1617 4560 in
1645 4504 1786 4577 Reg.
1813 4507 1946 4578 Epi-

293 4522 534 4576 Μαρκον,
565 4523 623 4560 ιη
657 4522 828 4560 eams
847 4522 1108 4568 deerant,
1129 4522 1228 4560 sea
1264 4522 1355 4630 leg

293 4591 502 4648 scopos
534 4577 630 4648 qui
657 4575 717 4630 in
749 4593 1024 4648 magnam
1049 4576 1224 4632 Oasin
1260 4594 1319 4631 re
1347 4597 1355 4629 ι

291 4647 474 4702 fuisse
506 4647 586 4702 ait
615 4647 976 4704 Athanasius
1018 4648 1170 4719 Apol.
1213 4649 1283 4702 ad
1334 4647 1621 4704 Constant.
1657 4666 1822 4705 num.
1854 4647 1945 4717 3'2,

291 4719 393 4802 sed
413 4736 484 4800 an
511 4721 582 4774 de
603 4720 900 4802 omnibus,
917 4719 1096 4802 velde
1118 4720 1473 4802 quihusdam
1496 4726 1725 4802 tantum
1750 4721 1949 4802 loqua:

1347 4577 1498 4649 cgati
1521 4582 1658 4632 sunt
1685 4595 1753 4633 ex
1773 4577 1950 4651 Libya

2053 3443 2228 3496 θανεῖν
2286 3440 2384 3502 τὰς
2434 3436 2493 3494 δὲ
2541 3439 2981 3515 χειρουργεῖσθαι
3049 3435 3140 3492 διὰ
3185 3437 3314 3500 τοὺς
3370 3437 3713 3513 ἐμπαγέντας

2060 3745 2318 3818 quimur,
2339 3745 2951 3817 arbitramurqueesse
2981 3749 3016 3800 8
3056 3759 3225 3802 onem
3249 3747 3576 3800 extremum
3602 3741 3716 3798 Ro-

2061 3817 2220 3872 mani
2252 3817 2482 3872 imnerii
2518 3817 2723 3872 urbem
2758 3817 2828 3872 ad
2860 3816 2973 3872 Nili
3007 3763 3565 3872 fluenta.zEthionim
3589 3813 3716 3869 ﬁni-

2061 3813 2220 3874 mani
2252 3813 2482 3888 imperii
2518 3813 2734 3872 urbem
2758 3817 2828 3872 ad
2860 3816 2973 3872 Nili
3007 3813 3565 3888 fluenta/Ethiopiaa
3589 3813 3716 3888 ﬁni-

2061 3890 2291 3945 timam.
2315 3885 2458 3945 Eam
2492 3894 2710 3956 Σοπνην
2743 3892 2830 3944 ter
2859 3894 3028 3944 vocat
3055 3888 3195 3944 item
3227 3887 3384 3956 Orig.
3412 3885 3475 3941 in
3503 3885 3710 3941 Matth.

2106 4002 2118 4016 .
2151 3963 2278 4028 352,
2310 3966 2367 4016 et
2396 3960 2562 4016 alias.
2597 3960 2986 4016 Communius
3012 3964 3208 4016 tamen
3241 3960 3426 4027 Συήνη
3450 3961 3710 4014 vocatur.

2105 4033 2335 4089 roclivis
2367 4037 2457 4089 est
2485 4031 2900 4088 transmutatio
2929 4031 3219 4088 vocalium
3249 4049 3278 4082 ο
3309 4034 3368 4086 et
3396 4049 3447 4083 υ.

2057 4149 2376 4220 Episcopos
2409 4147 2544 4220 plus
2575 4146 2818 4220 triginta
2854 4146 2912 4201 in
2946 4146 3143 4219 fugam
3188 4161 3388 4201 versos
3419 4143 3502 4199 ait
3529 4143 3710 4220 atha-

2059 4215 2725 4291 nasius'in/fpologiade
2750 4221 2886 4291 fugo
2913 4215 3240 4291 suat°quare
3263 4233 3397 4291 cum
3427 4215 3710 4291 tred_eei_m

2057 4296 2286 4348 tantum
2313 4287 2986 4359 hic'mefnoret,'m'ultos
3008 4287 3165 4345 haud
3188 4288 3364 4344 dubie
3395 4287 3613 4344 omisit.
3628 4287 3712 4359 Ex

2057 4361 2348 4488 episcopis
2368 4363 2460 4417 hic
2477 4367 2533 4418 et
2553 4358 2822 4434 superius
2845 4361 3161 4444 nominatis
3180 4359 3458 4442 permulti
3487 4358 3710 4432 synodo

2056 4436 2102 4489 A
2131 4433 2458 4489 exandrinae
2491 4434 2629 4488 anni
2652 4435 2756 4488 362
2787 4433 3044 4497 adfuere,
3067 4433 3146 4488 ibi
3176 4433 3712 4497 vndesis.Quzsrunt

2059 4505 2326 4587 nonnulli
2362 4523 2502 4560 num
2555 4479 3044 4587 Paphnqtiusbic,
3089 4472 3475 4587 memoratus:
3507 4502 3560 4586 is
3587 4501 3711 4587 ipse

2060 4577 2136 4632 sit
2159 4577 2256 4649 qui
2283 4577 2338 4631 in
2367 4575 2767 4648 persecutione
2783 4575 3120 4649 Maximiani
3147 4575 3384 4649 oculum
3405 4575 3707 4649 amiserat,

2059 4654 2117 4730 et
2148 4646 2641 4732 synodo—Nicaeus:
2674 4653 2876 4720 postea
2923 4647 3112 4732 adfuit
3143 4646 3443 4732 :‘sed‘veri
3475 4661 3590 4732 ι).οῃ
3621 4649 3713 4732 est

2058 4717 2250 4793 simile
2282 4737 2416 4776 eum
2447 4720 2642 4793 ipsum
2674 4717 2824 4793 esse,
2848 4736 2985 4793 nam
3018 4719 3074 4775 id
3098 4717 3467 4793 indicaturus
3497 4717 3710 4793 fuisset

293 4793 427 4884 tura
443 4791 747 4884 incertunmL
759 4809 772 4846 :
795 4787 1217 4884 'quiJauptem'in
1236 4792 1682 4884 5mmoniacam
1706 4787 1945 4884 relegati
1980 4819 2022 4884 D
2056 4791 2416 4884 Athanasius
2442 4787 2538 4847 z'et
2567 4791 2788 4884 alipqqi
2805 4790 3386 4884 vqlgareadmodgm
3410 4793 3499 4884 est
3521 4787 3714 4884 Paph-

289 4866 431 4917 sunt
461 4863 542 4917 ait
569 4879 638 4917 ex
668 4862 962 4918 Thebaide
993 4863 1195 4918 fuisse.
1231 4863 1356 4918 Non
1389 4881 1593 4919 omnes
1625 4862 1946 4920 autem'ex-

289 4932 450 4988 sules
481 4934 783 5006 episcopos
805 4933 899 4989 hic
917 4940 1179 5006 recenset
1203 4953 1215 5000 ;
1251 4952 1386 4990 nam
1412 4935 1688 4990 tredecim
1712 4940 1938 4991 tantum

289 5005 713 5078 memorantur,
746 5021 882 5060 cum
924 5005 1177 5062 sedecim
1231 5012 1496 5078 numeret
1523 5007 1648 5078 ipse
1679 5007 1830 5077 Apol.
1864 5008 1942 5064 ad

291 5076 569 5132 Constant.
617 5093 782 5149 num.
815 5079 904 5149 27,
962 5083 1020 5132 et
1065 5077 1219 5148 Apol.
1253 5077 1317 5132 de
1353 5082 1484 5149 fuga
1527 5076 1648 5146 sua,
1685 5096 1848 5134 num.
1885 5082 1939 5146 7,

289 5149 389 5220 ubi
425 5155 632 5219 praeter
665 5148 831 5215 istos,
867 5145 1431 5220 Gaium,'Agathurri
1477 5154 1534 5205 et
1561 5145 1938 5206 Ammonium

289 5219 538 5276 alterum
572 5220 1158 5276 refert.Dracontium
1180 5219 1313 5275 vero
1344 5226 1400 5276 et
1418 5221 1721 5278 Philonem
1740 5223 1940 5278 invisit

285 5291 735 5366 Bilarionidum
794 5296 1066 5366 pergeret
1107 5293 1165 5346 in
1214 5297 1548 5366 Aggyptum,
1581 5295 1831 5366 priorem
1880 5295 1937 5349 in

286 5363 488 5439 Qastro
521 5365 804 5439 Thebato,
838 5364 1022 5419 exsilii
1053 5363 1178 5439 loco
1211 5381 1223 5418 :
1264 5363 1939 5439 Pliilonem'veroBaby-

286 5434 440 5505 Ione,
455 5453 630 5507 quem
647 5435 948 5490 Philonem
963 5435 1340 5506 suspicantur
1357 5437 1598 5507 quidam
1624 5434 1937 5493 Luciferis-

289 5507 384 5583 nis
415 5524 543 5583 sese
578 5507 1164 5583 posteaadjunxisse,
1201 5508 1357 5578 quod
1388 5525 1666 5583 verumne
1697 5511 1793 5577 sit,
1817 5510 1936 5564 dis-

287 5577 581 5648 quirimus
617 5579 672 5631 in
705 5579 997 5633 Athanasii
1029 5579 1168 5633 Vita.

355 5685 472 5754 ((37)
502 5682 594 5738 Sic
629 5684 766 5756 Reg.
800 5690 855 5739 et
887 5685 1061 5740 Basil.
1097 5689 1162 5740 In
1190 5686 1362 5741 editis
1391 5684 1479 5738 καί
1511 5687 1692 5742 deest.

359 5799 474 5867 (68)
505 5795 644 5869 Reg.
664 5799 905 5868 Σοήνην.
923 5801 1074 5857 Editi
1090 5804 1312 5869 Σοῑνην.
1337 5801 1501 5874 Regii
1521 5801 1829 5860 lectionem
1855 5821 1940 5862 se-

2053 4865 2205 4947 n_utii
2256 4880 2468 4946 nomen
2519 4860 2999 4947 apud—Egytios.
3055 4867 3175 4947 qu
3223 4865 3377 4947 certe
3427 4860 3710 4933 leguntur

2053 4937 2183 5063 ῗὲιὸε
2225 4935 2484 4991 nominis
2531 4934 2684 4990 inter
2733 4934 3038 5007 episcopos
3088 4934 3387 5007 [Egyptios
3435 4947 3617 5005 supra
3646 4948 3705 5002 p.

2121 5121 2236 5192 (69)
2287 5121 2372 5176 Ita
2421 5119 2559 5193 edit.
2606 5120 2815 5189 Paris.,
2847 5124 2904 5177 et
2952 5119 3232 5193 sicilegi‘t
3277 5118 3547 5193 Nannius
3602 5118 3708 5189 qui

2048 5187 2239 5284 vertit,
2295 5192 2674 5264 lapicidinam.
2731 5187 2868 5265 Reg.
2903 5198 2960 5248 et
3009 5187 3407 5248 edithomm.
3458 5187 3709 5263 λειτουρ-

2150 5373 2234 5442 70)
2294 5372 2380 5445 Ita
2437 5376 2601 5444 Reg.,
2634 5371 2776 5445 editi
2828 5367 3152 5445 διήρπασαν·
3209 5366 3587 5445 λαϊκοιὺς-μξν
3652 5367 3705 5439 μ¹

2048 5440 2137 5497 καί
2168 5440 2278 5498 etc.
2313 5444 2442 5498 Hmc
2468 5440 2602 5498 ve'ro
2634 5443 2824 5498 fusius
2855 5440 3204 5498 enarrantur
3231 5441 3291 5496 in
3340 5440 3586 5512 ApoLda
3612 5445 3707 5510 [u-

2047 5532 2317 5587 ga,num.
2337 5518 2390 5587 8A.
2405 5515 2517 5570 Sed
2551 5531 2679 5585 quas
2711 5516 2782 5570 de
2813 5515 3142 5587 virginibus
3163 5513 3344 5587 virgis
3366 5511 3702 5587 palmarum

2049 5583 2216 5644 caesis
2246 5585 2339 5641 hic
2369 5583 2680 5652 habentur,
2713 5603 2782 5640 ea
2827 5583 3069 5642 de'viris
3117 5583 3513 5658 quadraginta
3539 5599 3708 5658 come

2049 5658 2357 5736 prehensis
2374 5662 2607 5736 enarrat
2629 5658 2840 5736 iisdem
2865 5655 3206 5736 fereyerbis
3233 5655 3710 5736 Athanasius..At

2047 5728 2367 5803 potuerunt
2385 5734 2513 5804 tum
2541 5729 2650 5804 viri
2673 5729 2780 5804 illi,
2805 5735 2931 5786 tum
2953 5728 3210 5804 virgines
3241 5729 3447 5786 eodem
3478 5728 3710 5784 crucia-

2048 5799 2147 5861 tus
2177 5817 2392 5876 genere
2421 5799 2732 5859 lancinari.
