4132 6370
389 431 514 502 ’181

1334 427 1704 497 HISTORIA
1745 424 2216 493 ABIANOBUM
2259 425 2365 491 AD
2409 422 2861 493 MONACHOS.

3673 426 3799 495 782

401 566 451 626 ἐν
480 572 595 634 τοῖς
642 564 831 644 μέλεσι
878 566 1173 639 σκόλοπας,
1221 566 1311 623 καὶ
1364 565 1614 642 μείζονας
1662 564 1890 619 θανάτου
1947 561 2043 623 τὰς

2168 562 2313 635 apud
2342 579 2439 621 eos
2471 563 2677 621 saltem
2714 563 2815 638 qui
2846 562 3061 622 mentis
3090 566 3388 638 compotes
3417 568 3578 637 sunt,
3610 561 3805 621 existi.

401 660 666 737 βασάνους
725 660 1010 733 ὑπομένειν
1049 700 1061 713 .
1122 657 1221 713 Καὶ
1267 658 1329 713 τὸ
1386 677 1449 732 γε
1506 653 1825 729 δεινότερον,
1885 650 2043 706 παντὶ

404 750 497 823 μὲν
533 747 801 825 ἰσχύοντι,
829 748 1027 804 οἰκεῖον
1080 744 1138 802 δὲ
1187 751 1294 802 τῶν
1347 741 1575 801 ἀσεϐῶν
1620 740 1807 813 ἐπειδὴ
1848 740 2045 796 κοπτό-

404 858 556 911 μεναι
613 838 704 893 τὸν
763 839 990 912 Χριστὸν
1056 834 1454 909 ἐπεκαλοῦντο,
1520 833 1784 909 μειζόνως
1836 828 2042 907 ἕτριζον

502 928 513 947 ν
598 926 610 945 9
659 932 686 941 ς-
850 925 862 945 \
994 924 1017 942 κ
1258 931 1272 952 ,
1572 921 1645 943 ac“
1746 924 1759 939 ς
1873 923 1884 940 ι

396 947 495 981 κατ
553 948 727 981 αυτων
780 948 907 989 τους
956 925 1179 988 ὀοόντας
1212 970 1225 982 .
1276 922 1480 998 Αμέλει
1532 942 1657 978 ουοε
1703 944 1770 977 τα
1819 942 2046 994 σωματα

397 1020 504 1071 τῶν
538 1017 988 1092 ἀπογιγνομένων
1024 1012 1311 1069 ἀπεδίδουν
1345 1019 1463 1075 τοῖς
1498 1012 1658 1074 ἰδίοις
1708 1012 1782 1073 εἷς
1826 1012 1999 1088 ταφήν
2028 1026 2040 1039 ⁸

401 1101 527 1159 ἀλλ’
587 1102 871 1178 ἔκρυπτον,
916 1103 1009 1158 ’ἱνα
1058 1102 1251 1175 δόξωσι
1303 1101 1579 1158 λανθάνειν
1627 1103 1728 1171 τὴν
1778 1098 2040 1178 ἀνδροφο-

397 1194 536 1248 νίαν.
595 1192 752 1248 Ἀλλ’
784 1193 884 1248 ούκ
912 1192 1124 1249 ἔλαθον·
1175 1198 1321 1247 πᾶσα
1367 1194 1471 1267 γὰρ
1521 1194 1555 1260 ἡ
1602 1189 1766 1252 πόλις
1816 1190 2041 1264 ἑώρακε,

396 1282 488 1337 καὶ
517 1284 711 1345 πάντες
760 1283 835 1345 ὡς
887 1280 1145 1355 δημίους,
1194 1282 1271 1344 ὡς
1316 1280 1657 1356 κακούργους
1705 1279 1795 1334 καὶ
1842 1276 2042 1352 λῃστὰς

396 1371 793 1449 ἀπεστρέφοντο
829 1413 842 1427 .
902 1370 999 1426 Καὶ
1045 1372 1149 1447 γὰρ
1210 1370 1300 1425 καὶ
1366 1371 1703 1444 μοναστήρια
1758 1368 2042 1439 κατέστρε-

396 1462 521 1533 ψαν,
556 1460 646 1514 καὶ
695 1459 770 1522 είς
819 1464 925 1534 π’ὖρ
959 1454 1218 1533 ἐμϐαλεῖν
1277 1456 1552 1534 μοναχοὺς
1603 1456 1909 1533 ἐπείρασαν·
1954 1454 2044 1510 καὶ

397 1546 699 1625 διήρπασαν
758 1548 941 1611 οἴκοσς
975 1593 989 1618 ,
1049 1548 1139 1603 καὶ
1209 1550 1525 1623 παραθήκας
1599 1546 1837 1607 τεθείσας
1903 1546 2048 1619 παρά

392 1642 492 1693 τοῦ
550 1637 845 1693 ἐπισκόπου
903 1637 979 1699 εἰς
1058 1636 1205 1692 οἶκον
1287 1634 1584 1713 ἐλευθέρων
1645 1631 2047 1695 ἐπεισελθόντες

394 1728 661 1803 ἥρπασαν,
702 1726 794 1781 καὶ
843 1727 1208 1803 ἀπεστέρησαν
1255 1727 1351 1788 τάς
1411 1727 1593 1801 χήρας
1647 1726 1784 1780 κατά
1829 1721 2044 1796 πελμά-

393 1836 502 1871 των
538 1818 649 1892 (71)
682 1814 931 1887 ἔκοπτον,
961 1816 1051 1871 καὶ
1078 1817 1175 1878 τὰς
1206 1812 1581 1888 ἐλεημοσύνας
1612 1812 1872 1869 ἐκώλυον.

467 1907 559 1964 73.
592 1910 824 1961 Τοιαῦτα
866 1906 960 1979 μὶν
995 1903 1087 1961 οὖν
1122 1906 1191 1960 τὰ
1240 1903 1632 1979 πονηρεύματα
1674 1908 1781 1958 τῶν
1833 1908 2044 1979 ’Δρεια-
2081 1942 2132 2007 Β

586 1994 645 2007 ,ν
733 1990 775 2007 ι..
877 1993 889 2007 .
938 1998 965 2007 -
1131 1994 1144 2007 .
1236 1993 1249 2007 .
1342 2000 1368 2007 -
1446 1993 1494 2007 η.
1544 1991 1555 2007 ο
1763 1990 1777 2007 .
2000 1993 2012 2007 ,

396 1996 529 2048 νῶν.
581 1994 682 2049 Οἷα
729 1990 788 2048 δὲ
833 1993 1007 2048 αὐτῶν
1057 1994 1147 2048 καὶ
1192 1993 1260 2048 τὰ
1301 2000 1402 2063 τῆς
1435 1991 1725 2061 ἀθεότητος
1759 1990 2053 2067 ἐπιχειρή-

400 2103 566 2157 ματα,
594 2081 679 2144 τίς
730 2082 964 2145 ἀκούσας
1012 2082 1074 2137 οὐ
1124 2083 1326 2161 φρίξειε
1359 2102 1373 2153 ;
1404 2081 1540 2143 Τοὺς
1588 2082 1682 2155 μὲν
1733 2082 1838 2157 γὰρ
1889 2078 2051 2151 τηλι-

395 2170 626 2234 κούτους
657 2172 917 2249 γέροντας
945 2173 1035 2226 καὶ
1064 2170 1347 2234 πολυετεῖς
1399 2169 1725 2232 ἐπισκόπους
1772 2169 2051 2245 ἐξορισθῆ-

394 2282 481 2315 ναι
510 2263 870 2332 πεποιήκασιν
906 2282 919 2296 ·
949 2261 1065 2315 ἀντὶ
1098 2258 1156 2315 δὲ
1192 2259 1397 2316 τούτων
1449 2261 1748 2333 νεωτέρους
1800 2258 2050 2333 ἀσελγεῖς

394 2347 700 2420 Ἕλληνας,
763 2353 902 2425 μήτε
948 2350 1381 2425 κατηχηθέντας,
1440 2347 1687 2419 δόξαντες
1747 2348 1899 2411 εὐθὺς
1952 2369 2048 2403 πε-

398 2437 622 2515 ραίνεινο
654 2438 745 2494 καὶ
799 2435 1004 2500 ἄλλους
1054 2436 1386 2514 διγυναίους⁹
1434 2437 1525 2493 καὶ
1559 2436 1647 2493 ἐπὶ
1699 2437 1936 2511 μείζοσιν
1970 2436 2052 2491 αί-

393 2525 539 2589 τίαις
582 2525 1045 2604 ἐγκαλουμένους,
1095 2524 1185 2582 διὰ
1228 2528 1318 2582 τὸν
1370 2527 1495 2602 περὶ
1544 2524 1740 2588 αὐτοὺς
1786 2524 2047 2599 πλοῦτον,

393 2616 489 2672 καὶ
547 2618 647 2686 τὴν
711 2615 770 2672 ἐκ
822 2623 922 2686 τῆς
962 2614 1246 2677 πολιτείας
1297 2612 1630 2687 δυναστείαν,
1680 2614 1906 2691 χρυσίον
1969 2612 2048 2668 δι-

397 2702 613 2779 δόντας,
647 2705 723 2767 ὡς
755 2706 860 2759 ἀπὸ
909 2702 1274 2781 πωλητηρίου
1329 2702 1661 2759 ἀπέστελλον
1708 2703 1902 2765 αὐτούς
1934 2702 2052 2757 ὀνο-

404 2796 666 2868 μάσαντες
707 2793 1055 2856 ἐπισκόπους.
1106 2794 1207 2849 Καὶ
1257 2790 1449 2848 λοιπὸν
1501 2798 1620 2855 ταῖς
1671 2790 1828 2855 λαοῖς
1878 2790 2049 2847 δεινο-

397 2883 529 2958 τέρα
559 2882 804 2958 ἐγίγνετο
836 2884 869 2952 ἦ
922 2885 1176 2961 συμφορά
1208 2904 1220 2918 ·
1256 2881 1722 2961 ἀποστρεφόμενοι
1767 2883 1870 2957 γὰρ
1921 2880 2049 2945 τούς

401 2971 708 3046 μισθωτοὺς
762 2971 1003 3044 ἐκείνων,
1044 2972 1135 3027 καὶ
1194 2970 1522 3048 ἀλλοτρίους
1564 2971 1791 3042 ἑαυτῶν,
1828 2969 2048 3044 ἐμαστί-

400 3066 581 3132 ζοντο,
636 3059 991 3135 ἐδημεύοντο,
1047 3060 1124 3123 είς
1166 3061 1235 3115 τὰ
1283 3058 1638 3135 δεσμωτήρια
1670 3058 2048 3114 κατεκλείοντο

396 3151 545 3225 παρὰ
574 3154 672 3205 τοῦ
703 3147 1100 3223 στρατηλάτου.
1148 3150 1352 3203 Ἐποίει
1402 3149 1506 3224 γὰρ
1554 3153 1717 3204 τοῦτο
1747 3146 2047 3222 προθύμως

395 3243 700 3315 Μανιχαῖος
733 3232 828 3291 ὥν·
877 3235 970 3292 ’ίνα
1014 3236 1144 3299 τοὺς
1196 3236 1291 3310 μὶν
1344 3233 1514 3298 ἰδίους
1567 3238 1644 3309 μὴ
1693 3235 2042 3306 ἐπιζητῶσιν,

2156 658 2351 708 metur
2380 654 2578 726 impiis
2607 660 2805 711 tamen
2846 658 3306 713 consentaneum
3367 656 3509 711 dum
3567 653 3683 711 illis
3713 654 3802 710 in-

2155 744 2244 798 ter
2272 743 2510 800 verbera
2538 744 2836 801 Christum
2866 745 3221 811 invocarent,
3264 747 3454 819 magis
3478 745 3807 803 stridebant

2157 832 2429 888 dentibus
2464 834 2745 891 adversus
2777 835 2927 892 illas.
2959 836 3059 892 Nae
3084 835 3172 891 illi
3211 852 3403 908 neque
3432 852 3675 909 corpora
3703 836 3801 892 de-

2156 921 2491 978 functorum
2523 923 2594 978 ad
2626 924 2992 980 humandum
3026 925 3468 991 tradidere,sed,
3503 929 3569 981 ut
3598 941 3704 982 sua
3724 923 3805 980 la-

2155 1012 2347 1066 terent
2375 1010 2713 1080 homicidia,
2744 1014 3131 1070 occultarunt.
3180 1016 3253 1070 At
3310 1030 3685 1087 nequaquam
3715 1012 3799 1070 la-

2156 1103 2345 1171 tuere,
2380 1118 2504 1156 rem
2556 1102 2772 1175 quippe
2800 1102 2949 1158 vidit
2988 1107 3111 1159 tota
3169 1103 3394 1168 civitas,
3428 1102 3803 1175 universique

2155 1188 2288 1245 illos
2320 1194 2384 1245 ut
2431 1190 2781 1274 homicidas,
2814 1193 3117 1265 improbos
3147 1193 3422 1265 furesque
3451 1192 3799 1249 aversaban-

2154 1279 2445 1335 tur.Enim
2476 1297 2609 1337 vero
2640 1282 2994 1337 monasteria
3022 1282 3804 1351 subverterunt,monachos-

2158 1384 2271 1440 que
2298 1368 2359 1423 in
2390 1368 2585 1441 ignem
2616 1369 2852 1440 injicere
2881 1374 3215 1427 tentarunt:
3250 1371 3456 1427 domos
3485 1371 3801 1444 diripuere:

2157 1457 2423 1529 deposita
2448 1458 2522 1513 ab
2552 1457 2828 1531 episcopo
2859 1460 2919 1515 in
2953 1459 3271 1516 liberorum
3297 1461 3540 1516 domum
3587 1458 3801 1528 delata,

2156 1546 2551 1620 irrumpentes
2580 1547 2954 1604 abstulerunt
2980 1564 2993 1604 :
3026 1549 3231 1606 viduas
3255 1549 3512 1606 calcibus
3543 1566 3805 1623 percuss-

2158 1639 2317 1705 runt,
2348 1634 2728 1709 eleemosynaa
2758 1654 2831 1693 ne
2860 1638 3142 1695 darentur
3170 1637 3579 1695 cohibuerunt.

2230 1904 2631 1976 73.Ejusmodi
2662 1908 2803 1961 sunt
2829 1906 3185 1963 Arianorum
3214 1906 3454 1964 scelera.
3487 1907 3693 1975 Qualia
3710 1926 3808 1967 au-

2161 1996 2281 2050 tem
2311 1993 2432 2049 sint
2463 2009 2668 2049 eorum
2698 1994 3018 2066 impietatis
3050 1995 3331 2062 facinora,
3362 1996 3497 2068 quis
3527 1996 3576 2053 si
3610 1997 3812 2054 audiat

2164 2099 2279 2138 non
2310 2082 2681 2139 exhorrescat
2706 2084 2734 2137 ?
2764 2082 3068 2155 Siquidem
3097 2088 3218 2140 tam
3249 2101 3456 2158 graves
3489 2091 3811 2155 senes,tam

2162 2188 2416 2228 annosos
2443 2172 2823 2244 episcoposin
2837 2172 3109 2228 exsilium
3124 2173 3260 2245 pelli
3294 2178 3808 2245 curarunt,eorum

2160 2264 2357 2316 autem
2388 2260 2510 2315 vice
2532 2260 2800 2332 juniores
2833 2261 3281 2334 petulantesque
3307 2263 3594 2331 ethnicos,
3628 2279 3700 2320 ne
3722 2281 3815 2322 ca-

2159 2348 2539 2405 techumenos
2570 2349 2832 2421 quidem,
2864 2351 2934 2406 ad
2968 2367 3269 2407 summum
3328 2353 3530 2409 statim
3562 2354 3813 2426 gradum

2158 2438 2409 2494 transire
2432 2438 2656 2509 jussos:
2693 2438 2839 2495 alios
2870 2440 3586 2514 bigamos,majorumque
3615 2442 3814 2499 crimi-

2160 2544 2303 2582 num
2334 2521 2661 2598 accusatos,
2694 2528 2837 2599 quia
2865 2545 3076 2601 nempe
3107 2529 3407 2601 pecuniosi
3440 2534 3705 2601 erant,ac
3731 2529 3812 2588 ci-

2159 2615 2259 2670 vili
2289 2616 2549 2687 potentia
2572 2613 3077 2685 valebant,aurum
3109 2618 3282 2674 modo
3313 2620 3639 2691 penderent
3670 2635 3815 2690 ;eos,

2160 2703 2429 2775 inquam,
2460 2703 2632 2777 quasi
2659 2721 2693 2760 a
2719 2705 3016 2761 venalium
3056 2706 3178 2762 foro
3208 2707 3525 2764 mittebant
3553 2709 3819 2766 nomina-

2160 2792 2420 2865 bantque
2447 2792 2771 2866 episcopos.
2832 2794 2980 2849 Hinc
3032 2794 3266 2867 populis
3323 2795 3553 2868 gravior
3581 2796 3820 2854 emersit

2160 2880 2467 2938 calamitas
2492 2899 2514 2943 ;
2546 2899 2681 2938 cum
2714 2882 2874 2938 enim
2899 2885 3291 2940 mercenaries
3318 2884 3453 2941 illos
3478 2884 3814 2958 alienosque

2160 2970 2273 3026 sibi
2301 2971 2457 3026 viros
2488 2978 2900 3027 aversarentur
2930 2976 3071 3027 tunc
3128 2972 3440 3042 verberati,
3472 2974 3805 3047 proscripti,

2159 3059 2492 3129 carcerique
2520 3077 2551 3115 a
2582 3061 2731 3115 duce
2760 3060 3049 3117 exercitus
3080 3060 3398 3133 mancipati
3448 3065 3608 3118 sunt.
3641 3063 3806 3128 Quod

2157 3146 2255 3201 ille
2286 3150 2486 3219 utpote
2516 3147 2874 3203 Manichaeds
2903 3147 3291 3205 libentissime
3334 3150 3543 3221 agebat
3575 3166 3588 3205 :
3622 3165 3695 3206 ne
3717 3150 3802 3206 illi

2157 3251 2297 3291 suos
2326 3236 2730 3308 perquirerent
2759 3236 3085 3309 episcopos,
3113 3241 3170 3293 et
3200 3241 3266 3293 ut
3294 3237 3624 3311 acciperent
3651 3256 3800 3312 quos

397 3325 491 3389 οὕς
546 3308 628 3381 ’δὲ
712 3326 1131 3404 ἀπεστρέφοντο,
1199 3308 1479 3401 δέχωνται
1504 3308 1613 3399 (72)
1646 3366 1662 3392 ,
1724 3324 2040 3398 ἀνθρώπους

2168 3325 2593 3404 aversabantur,
2624 3308 2896 3382 homines
2926 3308 3068 3382 sane
3115 3325 3217 3398 qui
3249 3326 3391 3383 talia
3419 3308 3625 3401 agunt,
3656 3308 3804 3401 qua-

395 3420 622 3472 τοιαῦτα
648 3416 1005 3492 πράττοντας,
1038 3416 1125 3469 οἷα
1167 3414 1257 3469 καὶ
1285 3414 1390 3491 πρὸ
1432 3413 1626 3469 τούτου
1657 3413 1709 3469 ἐν
1738 3418 1856 3475 τοῖς
1887 3410 2044 3468 εἰδώ-

399 3503 524 3568 λοις
555 3502 797 3574 ἔπαιζον.

468 3597 560 3652 74.
591 3593 683 3657 Τίς
716 3591 806 3648 οὗν
840 3597 1007 3648 ταῦτα
1058 3591 1279 3668 βλέπων
1310 3592 1346 3661 ἢ
1380 3590 1614 3661 ἀκούων,
1658 3591 1741 3654 τίς
1775 3592 1917 3667 ὁρῶν
1946 3592 2046 3661 τὴν

401 3681 719 3753 ἀλαζονείαν
776 3686 885 3738 τῶν
945 3677 1177 3751 ἀσεϐῶν,
1237 3682 1327 3737 καὶ
1385 3680 1652 3751 τοσαύτην
1712 3678 1945 3755 ἀδικίαν,
2005 3680 2051 3735 εί

404 3769 615 3835 δίκαιός
663 3770 827 3841 ἐστιν,
876 3770 938 3825 ού
991 3770 1281 3841 στενάξειεν
1343 3771 1476 3839 ;Ἐν
1529 3769 1721 3831 τόποις
1778 3771 1881 3845 γὰρ
1931 3770 2051 3824 ἀσε-

403 3856 514 3916 ϐῶν
576 3861 819 3916 στένουσι
888 3858 1087 3915 δίκαιοι
1124 3904 1137 3917 .
1199 3859 1299 3921 Τίς
1334 3905 1348 3930 ,
1407 3857 1614 3913 τούτων
1680 3858 2052 3933 γιγνομένωνν

404 3948 495 4003 καὶ
545 3955 647 4017 τῆς
699 3942 946 4010 ἀσεϐείας
996 3946 1263 4018 τοσαύτην
1319 3945 1703 4022 ἀναισχυντίαν
1753 3942 2054 4021 λαϐούσης,

406 4035 486 4092 ἔτι
517 4033 702 4109 τολμᾷ
730 4034 909 4111 λέγειν
965 4034 1303 4091 Κοστύλλιον
1355 4036 1673 4112 Χριστιανὸν
1708 4037 1843 4109 (73),
1872 4034 1963 4090 καὶ
1994 4034 2056 4091 οὐ

412 4122 626 4200 μᾶλλον
662 4124 1043 4201 ’Δντιχρίστου
1085 4125 1185 4195 τὴν
1239 4123 1419 4180 εἰκόνα
1450 4142 1465 4193 ;
1494 4124 1554 4178 Τί
1594 4126 1698 4200 γὰρ
1726 4128 1834 4179 τῶν
1864 4122 2059 4179 τούτου

410 4214 810 4289 γνωρισμάτων
866 4210 1274 4287 παραλέλοιπεν
1304 4231 1320 4282 ;
1351 4219 1397 4269 Η
1444 4216 1564 4275 πῶς
1614 4212 1676 4268 ού
1723 4212 2058 4288 πανταχόθεν

411 4303 572 4365 οὗτος
624 4300 826 4363 ἐκεῖνος
872 4300 1009 4356 εἶναι
1060 4303 1472 4375 νομισθήσεται,
1521 4298 1773 4364 κάλεῖνος
1813 4306 2061 4364 τοιοῦτος

411 4391 471 4446 ἃν
525 4388 880 4459 ὑπονοηθείη,
932 4388 1047 4451 οἷός
1099 4388 1240 4444 ἐστιν
1283 4389 1441 4452 οὗτος
1488 4392 1605 4461 (74)
1635 4408 1649 4460 ;
1684 4389 1757 4445 Ού
1785 4391 1881 4452 τὰς
1913 4389 1965 4444 ἐν
1993 4394 2063 4465 τῇ

416 4476 630 4555 μεγάλῃ
681 4474 965 4549 ἐκκλησίᾳ,
1023 4480 1093 4550 τῇ
1149 4474 1201 4532 ἐν
1259 4482 1337 4550 τῷ
1386 4477 1713 4553 Καισαρείῳ,
1773 4480 2064 4554 γινομένας

410 4567 620 4639 θυσίας,
654 4566 744 4621 καὶ
791 4566 929 4621 κατά
979 4569 1213 4640 Χριστοῦ
1263 4563 1641 4645 βλασφημίας,
1691 4566 1766 4629 ὡς
1817 4565 1867 4637 ἐξ
1918 4565 2064 4622 ἐντο-

2154 3410 2235 3468 lia
2262 3428 2378 3469 non
2413 3412 2494 3468 ita
2521 3400 2749 3486 pridem
2774 3413 2926 3470 inter
2955 3413 3111 3471 idola
3133 3414 3415 3473 luserant.

2231 3591 2323 3646 74.
2356 3589 2639 3658 Quisnam
2678 3591 2773 3648 his
2830 3592 3159 3665 conspectis
3204 3592 3294 3650 vel
3355 3593 3593 3662 auditis,
3653 3594 3813 3668 quis,

2163 3679 2395 3736 auimad
2406 3696 2569 3736 versa
2584 3679 2901 3752 impiorum
2929 3681 3255 3753 petulantia
3274 3685 3553 3755 tantaque
3573 3682 3814 3755 injuria,

2163 3769 2214 3826 si
2243 3786 2446 3841 aequus
2474 3767 2601 3841 ipse
2658 3770 2756 3836 sit,
2801 3787 2916 3825 non
2974 3771 3325 3842 ingemiscat
3359 3775 3549 3828 Pnam
3580 3774 3640 3827 in
3685 3772 3818 3828 locis

2164 3860 2462 3932 impiorum
2525 3859 2677 3914 307
2730 3859 2875 3931 justi
2927 3859 3308 3916 lamentantur
3362 3861 3426 3915 ⁸⁸.
3486 3860 3627 3925 Quis
3682 3877 3819 3917 cum

2166 3946 2462 4019 ejusmodi
2493 3952 2659 4021 gesta
2688 3947 2969 4014 sint,cum
3002 3948 3279 4019 impietas
3308 3948 3535 4005 ta‘ntam
3566 3948 3679 4006 sibi
3709 3949 3821 4005 im-

2169 4035 2514 4107 pudentiam
2548 4036 3211 4109 arrogarit,Costyllium
3243 4037 3641 4095 Christianum
3671 4038 3828 4095 ultra

2169 4141 2383 4181 vocare
2413 4141 2599 4181 ausus
2632 4124 2890 4194 fuerit,et
2916 4143 3032 4182 non
3065 4126 3263 4199 potius
3293 4126 3642 4183 Antichristi
3672 4127 3827 4183 ima-

2172 4214 2368 4287 ginem
2400 4214 2428 4268 ?
2458 4216 2735 4281 Quaenam
2766 4230 2836 4269 ex
2881 4215 3229 4271 Antichristi
3260 4216 3416 4272 notis
3464 4215 3578 4288 ipsi
3607 4216 3773 4273 deest
3800 4216 3829 4270 7

2173 4304 2289 4359 Aut
2320 4302 2464 4374 quid
2497 4306 2607 4370 est,
2641 4318 2745 4357 cur
2774 4319 2892 4358 non
2922 4303 3076 4359 hunc
3107 4303 3279 4359 illum
3337 4304 3535 4376 ipsum
3583 4320 3714 4361 esse
3745 4320 3832 4360 ar-

2174 4391 2484 4458 bitremur,
2526 4389 2813 4463 illumque
2870 4391 3011 4448 huic
3068 4392 3326 4448 similem
3385 4391 3829 4451 existimenus?

2174 4479 2377 4536 Nonne
2404 4479 2466 4534 in
2498 4495 2715 4552 magna
2734 4479 3167 4553 eccelesia,quaa
3189 4480 3249 4536 in
3279 4481 3539 4537 Caesareo
3570 4482 3684 4537 sita
3712 4485 3821 4539 est.

2176 4585 2246 4625 ex
2274 4569 2402 4640 ejus
2425 4569 2603 4640 jussu
2634 4568 2926 4624 sacrificia
2972 4567 3185 4636 oblata,
3236 4568 3736 4643 blasphemiaeque
3770 4571 3832 4627 in

417 4654 524 4727 λῆς
574 4656 739 4712 αὐτοῦ
783 4656 1144 4725 πεποιήκασιν
1196 4654 1468 4728 ’Δρειανοί
1515 4675 1575 4710 τε
1617 4653 1706 4709 καὶ
1746 4653 2054 4726 Ἓλληνες

2179 4657 2477 4715 Christum
2508 4657 2674 4713 dicta:
2726 4660 2866 4713 sunt
2922 4658 2996 4713 ab
3052 4658 3287 4714 Arianis
3344 4663 3402 4714 et
3456 4658 3775 4731 gentilibus
3804 4658 3833 4713 ?

419 4745 528 4823 οὐχ
555 4748 591 4816 ἡ
623 4744 811 4822 ὅρασις
851 4748 950 4800 τοῦ
1002 4740 1208 4813 Δανιὴλ
1260 4742 1404 4798 οὕτω
1452 4742 1707 4817 σημαίνει
1748 4744 1839 4798 τὸν
1888 4744 2064 4799 ’Δντί-

411 4853 664 4911 χριστον,
696 4831 782 4888 ὅτι
819 4834 1038 4903 ποιήσει
1088 4829 1331 4905 πόλεμον
1389 4832 1525 4905 μετὰ
1568 4835 1676 4886 τῶν
1726 4831 1920 4905 ἀγίων,
1977 4832 2067 4887 καὶ

420 4922 634 4999 ἰσχύσει
660 4922 798 4997 πρὸς
828 4921 1045 4994 αὐτοὺς,
1080 4920 1170 4977 καὶ
1222 4919 1496 4998 ὑπεροίσει
1547 4919 1598 4975 ἐν
1642 4924 1832 4983 κακοῖς
1862 4922 2067 4983 πάντας

415 5010 543 5075 τοὺς
594 5010 916 5086 ἔμπροσθεν,
973 5010 1063 5065 καὶ
1108 5016 1257 5083 τρεῖς
1320 5007 1563 5084 βασιλεῖς
1592 5010 1935 5080 ταπεινώσει,
1978 5010 2069 5065 καὶ

414 5099 624 5178 λόγους
654 5100 793 5179 πρὸς
823 5100 915 5155 τὸν
945 5102 1201 5174 Ὕψιστον
1234 5096 1493 5171 λαλήσει,
1522 5098 1611 5153 καὶ
1653 5099 1944 5169 ὑπονοήσει
1972 5102 2069 5153 τοῦ

491 5243 536 5281 ⁸³
564 5247 733 5301 Prov.
764 5260 963 5316 xxvm,
994 5243 1084 5301 28.
1118 5245 1182 5299 in
1240 5242 1331 5300 Gr.
1365 5246 1540 5300 textu.
1598 5243 1644 5279 "
1672 5243 1817 5300 Dan.
1848 5260 1948 5313 vn,
1977 5243 2069 5300 25.

492 5404 832 5479 (71)Itegi_us
862 5406 1045 5461 codex
1069 5399 1710 5476 καταπελμάτων,ιιηίοει
1739 5420 1894 5461 voce.
1918 5404 2074 5462 Editi

422 5473 561 5532 κατὰ
583 5473 685 5549 πελ
696 5473 901 5549 μάτων.

552 5549 609 5639 2)
634 5543 1085 5639 Βὲεᾏδᾲέᾈονταέ
1110 5546 1335 5603 Ibidem
1367 5546 1506 5619 Reg.
1538 5545 1875 5619 ἀνθρώπους.
1900 5548 2073 5619 Editi,

423 5618 1114 5692 dvepainptqjﬁperperam.

493 5637 520 5671 υ
560 5637 755 5687 ωποις,
787 5637 1114 5692 perperam.

493 5637 606 5761 (93)
637 5691 957 5761 lta,Reg.et
987 5689 1259 5761 sicinfra
1285 5692 1455 5761 vocat
1484 5688 1891 5761 Constantium
1924 5689 2077 5746 deri-

422 5759 619 5821 denda
650 5759 878 5823 scilicet
905 5779 923 5824 :
957 5759 1121 5837 editi,
1153 5759 1551 5833 Κωνστάντιος,
1583 5759 1743 5836 prior
1771 5760 1944 5821 lectio
1961 5761 2078 5821 edi-

2177 4747 2381 4803 Nonne
2408 4746 2554 4803 visio
2585 4746 2844 4803 Danielis
2873 4746 2967 4803 his
2996 4746 3231 4803 indiciis
3293 4747 3721 4804 Antichristum
3753 4748 3833 4804 si-

2176 4835 2418 4909 gniﬁcat
2445 4836 2490 4871 ‘9
2521 4852 2534 4889 ι
2568 4835 2723 4907 quod
2756 4833 2978 4892 scilicet
3024 4834 3245 4891 bellum
3302 4836 3524 4892 sanctis
3553 4836 3832 4894 illaturus

2177 4925 2577 4996 adversusque
2607 4922 2737 4979 illos
2767 4922 3100 4996 praevalebit
3131 4940 3144 4979 :
3178 4940 3385 4981 omnes
3440 4923 3543 4997 qui
3602 4929 3737 4981 ante
3766 4942 3830 4982 se

2180 5012 2399 5069 fuerint
2429 5012 2795 5085 malignitate
2824 5012 3127 5084 superabit
3160 5029 3172 5067 :
3206 5015 3328 5069 tres
3357 5029 3526 5086 reges
3556 5013 3831 5071 humilia-

2178 5101 2267 5158 bit
2298 5120 2312 5169 ;
2346 5105 2552 5159 contra
2578 5100 2949 5157 Altissimum
2979 5102 3155 5159 verba
3174 5102 3429 5175 proferet
3462 5120 3477 5172 ;
3507 5102 3742 5175 putabit
3766 5120 3832 5161 se

2181 5403 2409 5476 toribus
2443 5404 2729 5476 mendosa
2757 5403 2883 5460 visa
2913 5404 3041 5471 fuit,
3075 5404 3326 5476 ideoque
3353 5403 3701 5476 immutata,
3733 5406 3837 5462 sed

2182 5479 2336 5531 recte
2367 5474 2581 5547 habere
2614 5480 2913 5547 putamus:
2947 5493 3086 5533 nam
3115 5474 3321 5532 eodem
3346 5474 3445 5532 ille
3469 5476 3644 5533 modo
3674 5493 3829 5533 nun-

2185 5550 2434 5619 cupatur
2462 5546 2632 5602 infra
2650 5564 2813 5619 num.
2845 5548 2934 5602 80.

2256 5614 2370 5688 (74)
2402 5617 2542 5691 Reg.
2572 5638 2606 5687 η
2635 5616 2710 5678 ώς
2742 5616 2903 5673 ἐστιν.
2940 5618 3161 5675 Ibidem
3220 5619 3360 5693 Reg.
3420 5614 3483 5674 οὐ
3520 5636 3638 5680 τας.
3671 5617 3837 5692 editi,

2187 5707 2330 5743 ουτε.
