4132 6398
290 453 300 489 ⁵
341 485 465 552 783

887 488 953 551 S.
997 485 1426 552 ATHANASII
1470 486 1644 551 OPP.
1689 483 1892 548 PARS
1935 483 1984 546 Ι.
2019 513 2098 531 -
2127 481 2548 550 HISTORICA
2589 479 2691 549 ET
2733 483 3223 552 DOGMATIGA.

3621 461 3759 550 ’πει

291 605 293 607 ’
342 619 584 696 tempus
614 624 791 696 atque
820 621 1008 695 legem
1040 625 1272 678 mutare
1327 639 1497 696 posse
1523 622 1551 676 ?
1579 621 1686 686 Qui
1727 633 1992 692 unquam

2111 614 2409 672 ἀλλοιῶσαι
2443 618 2556 691 (75)
2585 619 2770 694 καιρὸν
2801 619 2891 674 καὶ
2921 617 3089 696 νόμον
3125 637 3141 689 ;
3172 619 3264 684 Τίς
3308 617 3400 675 οὗν
3435 604 3607 682 ἄλλος
3635 616 3754 674 πώ-

351 712 503 768 alius
533 712 826 784 ejusmodi
858 729 950 768 res
985 729 1154 785 agere
1185 730 1364 768 ausus
1395 717 1504 780 est,
1563 715 1772 784 praeter
1803 709 1996 764 solum

352 802 759 858 Constantium
790 801 817 856 ?
847 803 1137 873 ejusmodi
1170 803 1389 874 quippe
1421 800 1518 856 hic
1548 805 1636 856 est
1667 799 1855 872 qualis
1887 815 1995 852 un-

351 909 527 964 quam
561 890 657 946 ille
689 891 880 947 fuerit.
917 891 1106 946 Verba
1156 908 1411 962 namque
1443 891 1662 961 profert
1716 889 1998 944 adversus

351 980 741 1049 Altissimum,
776 982 916 1035 dum
949 981 1140 1052 impiae
1181 979 1387 1035 heresi
1419 979 1817 1052 patrocinatur
1849 995 1862 1033 :
1897 978 1998 1032 ad-

350 1087 555 1126 versus
586 1073 820 1126 sanctos
852 1069 1073 1125 bellum
1105 1070 1272 1142 gerit,
1307 1069 1450 1124 dum
1500 1069 1805 1141 episcopos
1836 1066 2000 1139 pellit

348 1159 408 1214 in
432 1159 700 1215 exsilium
736 1177 749 1226 ;
782 1159 1018 1215 tametsi
1049 1160 1119 1214 ad
1154 1159 1325 1214 breve
1355 1162 1588 1230 tempus
1619 1158 1678 1212 in
1712 1172 1999 1228 suamque

350 1249 667 1320 perniciem
697 1265 762 1304 ea
794 1247 1005 1303 fruitur
1035 1247 1498 1320 potestate.Nam
1531 1246 1630 1302 ille
1660 1263 1864 1302 omnes
1896 1243 1998 1318 qui

351 1337 598 1392 antehac
627 1336 897 1392 exstitere
920 1335 1146 1391 malitia
1177 1337 1650 1408 superavit,nova
1678 1334 2002 1406 excogitata

352 1425 776 1499 persecutionis
797 1424 1020 1480 ratione
1052 1442 1066 1480 :
1102 1429 1158 1480 et
1187 1442 1320 1480 cum
1353 1429 1472 1480 tres
1502 1441 1668 1497 reges
1697 1422 1997 1479 Vetranio-

351 1531 508 1580 nem,
536 1513 935 1586 Magnentium
969 1517 1026 1568 et
1053 1513 1285 1568 Gallum
1345 1513 1589 1584 imperio
1648 1513 1997 1581 abdicasset,

351 1604 629 1660 continuo
685 1602 1008 1674 impietatis
1041 1602 1430 1672 patrocinium
1463 1603 1817 1674 suscepit;ac
1846 1599 2000 1656 velut

351 1693 521 1766 gigas
545 1693 824 1747 adversus
869 1690 1243 1746 Altissimum
1301 1695 1641 1764 arroganter
1696 1691 1999 1762 insurgere

354 1786 446 1837 est
475 1797 678 1837 ausus.
711 1781 816 1835 Hic
846 1779 1197 1835 existimavit
1227 1796 1288 1834 se
1325 1779 1514 1851 legem
1546 1779 1997 1834 immutaturum

320 1833 1014 1924 aggessere
1045 1833 1147 1938 per
1205 1833 1501 1940 apostolos
1556 1833 1793 1923 tradita,
1826 1866 2001 1922 viola-

353 1959 437 2013 vit
471 1975 483 2012 :
515 1957 783 2013 Ecclesiae
815 1973 1006 2013 mores
1035 1957 1292 2024 invertit,
1326 1973 1659 2028 novumque
1704 1957 2002 2012 adinvenit

361 2046 784 2068 __.I:__L2-_.___..
826 2062 1005 2068 .___-__
1089 2049 1165 2068 Π--
1217 2045 1344 2068 -¹ΙΞΞ-
1382 2044 1590 2068 ._--2__-
1626 2045 1768 2068 I--2_
1829 2045 1995 2068 -12-...
2044 2062 2048 2068 .

356 2046 790 2102 ordinationum
823 2062 1027 2119 genus.
1089 2049 1168 2100 Ex
1215 2045 1345 2101 aliis
1378 2044 1595 2118 quippe
1626 2045 1793 2114 locis,
1823 2045 2000 2121 etiam
2031 2044 2048 2080 τ

354 2135 783 2208 quinquaginta
803 2134 1212 2190 mansionibus
1244 2133 1803 2207 dissitis,episcopos
1822 2127 2005 2216 .mil'i-

359 2225 522 2280 tibus
553 2224 798 2296 stipatos
846 2224 918 2279 ad
949 2223 1162 2278 invitos
1192 2223 1440 2296 populos
1469 2223 1822 2278 transmittit
1854 2240 1866 2278 :
1902 2221 2003 2294 qui

353 2316 418 2367 ut
448 2309 701 2384 populus
724 2311 1499 2384 commendentur,ipsisque
1519 2311 1641 2366 noti
1657 2312 2004 2368 ﬁantminas

357 2400 610 2456 aﬁ‘erunt
640 2399 984 2471 litterasque
1015 2401 1085 2455 ad
1129 2399 1381 2471 judices.
1444 2401 1531 2455 Ita
1560 2399 1904 2472 Gregorium
1937 2417 2005 2456 ex

354 2489 724 2563 Cappadocia
778 2489 943 2545 misit
997 2489 1425 2544 Alexandriam
1459 2506 1472 2544 :
1504 2489 1588 2544 ita
1637 2490 2004 2545 Germinium

355 2579 555 2649 Cyzico
586 2576 865 2634 Sirmium
925 2578 1257 2634 transmisit
1291 2595 1305 2647 ;
1334 2578 1421 2634 sic
1467 2577 1806 2652 CecrOpium
1860 2579 2004 2634 Lao-

358 2667 523 2723 dicea
549 2666 970 2722 Nicomediam.

425 2843 518 2898 75.
550 2843 902 2900 Auxentium
932 2860 1067 2898 vera
1097 2844 1412 2915 quemdam
1434 2842 1783 2917 litigatorem
1818 2845 2008 2917 magis

358 2948 539 3006 quam
581 2931 1004 3000 Christianum,
1065 2949 1132 2988 ex
1187 2931 1554 3004 Cappadocia
1608 2933 2007 2990 Mediolanum

356 3020 708 3091 transmisit,
742 3023 806 3075 ut
835 3023 1147 3093 postquam
1171 3020 1512 3094 Dionysium
1545 3023 2007 3094 episcopum,re-

353 3109 631 3183 ligiosum
664 3109 980 3176 hominem,
1015 3110 1087 3165 ob
1120 3126 1289 3165 suam
1321 3125 1460 3182 erga
1495 3110 1794 3166 Christum
1826 3110 2008 3182 pieta-

356 3203 476 3255 tem
517 3198 891 3270 relegaverat,
946 3198 1100 3254 hunc
1157 3198 1236 3253 ibi
1270 3198 1672 3264 constitueret,
1708 3198 2008 3254 hominem

358 3288 612 3343 necdum
646 3287 861 3342 Latina
893 3285 1128 3359 linguae,
1163 3288 1263 3342 sed
1295 3286 1480 3343 solius
1511 3287 1832 3359 impietatis
1861 3288 2008 3359 peri-

357 3376 680 3431 tum.Nunc
709 3379 906 3431 autem
925 3375 1237 3447 Georgium
1262 3377 1580 3448 quemdam
1602 3377 2006 3448 Cappadocem
2036 3359 2080 3427 C

357 3463 679 3535 hominem,
713 3464 812 3534 qui
844 3463 1350 3535 Constantinopoli
1393 3464 1812 3535 penuariorum
1841 3481 2006 3520 exce-

355 3555 488 3624 ptor
524 3556 668 3619 erat,
703 3552 922 3624 quique
948 3551 1226 3623 pecunias
1257 3569 1463 3608 omnes
1518 3552 2009 3625 depeculatus,re-

352 3640 744 3712 petundarum
793 3657 950 3710 reus,
1010 3641 1336 3712 aufugerat,
1375 3641 1557 3711 jussit
1596 3658 1730 3696 cum
1763 3641 2005 3698 militari

350 3745 586 3802 pompa,
619 3728 904 3801 ducisque
935 3729 1280 3785 auctoritate
1311 3727 1724 3785 Alexandriam
1753 3729 2000 3803 ingredi.

356 3817 572 3873 Deinde
601 3822 899 3890 repertum
932 3819 1247 3889 quemdam
1281 3817 1608 3889 Epictetum
1642 3819 2000 3892 neophytum

345 3907 747 3978 audacemque
777 3905 1227 3972 adolescentem,
1261 3907 1418 3977 quod
1451 3907 1523 3962 ad
1555 3907 1753 3963 omnia
1781 3907 2002 3964 scelera

344 3998 614 4064 paratum
647 4000 926 4064 cerneret,
961 3995 1020 4050 in
1073 3993 1280 4050 amicis
1330 3994 1539 4050 habuit
1573 4012 1585 4050 :
1620 3997 1791 4066 cujus
1824 4013 2000 4068 opera

346 4083 566 4153 quibus
596 4085 759 4154 optat
782 4082 1073 4155 epiSGOpis
1103 4082 1430 4138 insidiatur!
1442 4088 1750 4155 promptus
1781 4086 1998 4159 quippe

343 4175 433 4226 est
458 4169 558 4226 ille
588 4171 657 4226 ad
685 4172 884 4226 omnia
905 4188 1036 4242 quae
1053 4171 1286 4242 placent
1308 4171 1644 4244 imperatori
1664 4175 1997 4247 peragenda

342 4260 461 4315 Hoc
492 4260 690 4332 itaque
721 4277 866 4315 usus
898 4260 1194 4324 ministro,
1254 4277 1376 4315 rem
1433 4260 1609 4334 plane
1639 4263 1992 4335 stupendam

341 4347 538 4404 Romae
570 4348 1077 4421 perpetravit,quze
1118 4365 1320 4405 revera
1350 4349 1690 4405 Antichristi
1721 4351 1991 4424 maligni-

2105 727 2237 761 ποτε
2271 711 2495 762 τοιαῦτα
2543 706 2865 786 ἐπεχείρησε
2912 711 3108 785 πρᾶξαι
3162 710 3198 779 ἢ
3249 708 3413 786 μόνος
3470 707 3755 764 Κωνστᾶν-

2103 816 2221 858 τιος
2253 798 2269 832 ¹
2302 797 2470 859 Οὗτος
2499 798 2602 874 γὰρ
2633 785 2880 861 τοιοῦτός
2927 797 3090 872 ἐστιν,
3142 801 3258 861 οἷος
3299 785 3366 854 ’ἂν
3419 797 3623 860 ἐκεῖνος
3667 796 3757 872 γέ-

2104 906 2254 940 νοιτο
2290 928 2300 939 .
2364 884 2534 941 Λαλεῖ
2588 888 2692 964 γὰρ
2723 889 2836 961 (76)
2867 887 3073 964 λόγους
3131 889 3267 965 πρὸς
3328 888 3419 944 τὸν
3478 890 3757 962 Ὕψιστον,

2105 976 2505 1049 προϊστάμενος
2553 983 2655 1045 τῆς
2704 972 2901 1032 ἀσεϐοὖ
2959 977 3219 1050 αἱρέσεως
3255 997 3267 1010 ’
3326 978 3417 1032 καὶ
3469 978 3608 1054 πρὸς
3631 976 3760 1040 τοὺς

2106 1062 2297 1138 ἁγίους
2327 1069 2475 1119 ποιεῖ
2511 1063 2778 1139 πόλεμον,
2822 1065 3078 1142 ἐξορίζων
3126 1066 3255 1129 τοὺς
3304 1065 3632 1129 ἐπισκόπους
3665 1085 3679 1098 ·
3714 1066 3761 1121 εί

2105 1152 2195 1207 καὶ
2224 1154 2362 1230 πρὸς
2411 1151 2602 1229 ὀλίγον
2652 1153 2739 1210 ἐπὶ
2779 1159 2847 1229 τῇ
2897 1155 3088 1210 ἑαυτοῦ
3267 1154 3516 1227 ἀπωλείᾳ
3558 1155 3758 1227 ταύτην

2104 1243 2203 1310 τὴν
2238 1241 2475 1312 ἐξουσίαν
2512 1240 2648 1319 ἔχει.
2683 1245 2782 1298 Καὶ
2832 1245 2938 1320 γὰρ
2984 1245 3142 1307 οὗτος
3171 1243 3300 1307 τοὺς
3343 1245 3450 1321 πρὸ
3483 1244 3647 1300 αὐτοῦ
3675 1266 3762 1300 νε-

2105 1330 2321 1401 νίκηκεν
2370 1330 2422 1385 ἐν
2470 1332 2652 1404 κακίᾳ,
2696 1333 2880 1388 καινὸν
2940 1333 3236 1404 ἐπινοήσας
3284 1332 3484 1410 τρόπον
3531 1338 3630 1389 τοῦ
3679 1331 3758 1390 δι-

2107 1424 2321 1495 ωγμοῢ’
2354 1421 2444 1475 καὶ
2473 1427 2620 1497 τρεῖς
2656 1420 2922 1497 βασιλεῖς,
2973 1422 3333 1500 Βρετανίωνα,
3382 1423 3475 1478 καὶ
3516 1421 3759 1499 Μαγνέν-

2104 1529 2243 1577 τιον,
2291 1508 2380 1563 καὶ
2422 1507 2634 1564 Γάλλόν
2680 1508 2948 1580 καθελὼν,
3000 1510 3155 1574 εὐθὺς
3199 1512 3438 1586 προέστη
3487 1519 3590 1583 τῆς
3639 1514 3761 1567 ἀσε-

2108 1592 2278 1659 ϐείας’
2329 1598 2419 1652 καὶ
2471 1598 2547 1660 ὡς
2590 1597 2754 1674 γίγας
2801 1599 2938 1676 πρὸς
2996 1599 3087 1654 τὸν
3141 1602 3396 1674 Ὕψιστον
3457 1599 3759 1674 ἐτόλμησεν

2108 1685 2405 1762 ἐπαρθῆναι
2434 1691 2502 1761 τῇ
2536 1684 2845 1759 ἀλαζονείᾳ.
2899 1687 3069 1750 Οὗτος
3123 1688 3416 1760 ὑπενόησεν
3459 1687 3765 1745 ἀλλοιῶσαι

2106 1775 2298 1849 νόμον,
2331 1773 2629 1853 παραλύων
2658 1778 2757 1846 τήν
2796 1777 2890 1850 μὲν
2937 1781 3036 1832 τοῦ
3084 1778 3285 1854 Κυρίου
3333 1775 3422 1834 διὰ
3468 1783 3576 1834 τῶν
3628 1780 3765 1835 ἀπο-

2110 1865 2318 1920 στόλων
2380 1862 2614 1936 διάταξιν
2653 1911 2666 1935 ,
2705 1867 2773 1920 τὰ
2820 1863 2878 1921 δὲ
2930 1872 3033 1935 τῆς
3091 1865 3418 1943 Ἐκκλησίας
3477 1864 3765 1945 ἀλλάττων

2111 1952 2226 2024 ἔθη,
2260 1953 2349 2009 καὶ
2380 1955 2560 2009 καινὸν
2594 1955 2755 2018 αὐτὸς
2805 1954 3033 2011 ἐπινοῶν
3083 1956 3285 2033 τρόπον
3337 1961 3447 2012 τῶν
3496 1959 3767 2013 καταστά-

2113 2065 2270 2100 σεων.
2304 2043 2391 2114 Ἐξ
2422 2041 2609 2100 ἄλλων
2641 2046 2743 2119 γὰρ
2773 2043 2956 2100 τόπων
2988 2046 3080 2100 καὶ
3127 2047 3234 2122 πρὸ
3280 2049 3622 2117 πεντήκοντα
3651 2049 3766 2121 (78)

2117 2137 2295 2206 μονῶν
2333 2135 2467 2206 μετά
2497 2139 2840 2210 στρατιωτῶν
2885 2133 3213 2197 ἐπισκόπους
3263 2133 3591 2191 ἀποστέλλει
3621 2138 3768 2211 πρὸς

2111 2221 2238 2284 τοὺς
2274 2223 2348 2294 μὴ
2382 2219 2640 2285 θέλοντας
2672 2220 2861 2285 λαούς·
2891 2224 2982 2277 καὶ
3014 2224 3132 2279 ἀντὶ
3180 2225 3436 2299 γνώσεως
3483 2231 3586 2298 τῆς
3629 2227 3768 2299 πρὸς

2111 2310 2239 2372 τοὺς
2271 2308 2461 2382 λαοὺς,
2497 2311 2695 2366 ἐκεῖνοι
2727 2311 2950 2390 φέρουσι
2977 2313 3075 2375 τὰς
3109 2311 3359 2383 ἀπειλὰς,
3391 2314 3481 2368 καὶ
3515 2315 3584 2368 τὰ
3625 2315 3768 2392 πρὸς

2110 2399 2238 2462 τοὺς
2272 2397 2524 2462 δικαστὰς
2563 2401 2881 2474 γράμματα.
2915 2399 3070 2456 Οὕτω
3113 2401 3417 2478 Γρηγόριον
3463 2399 3568 2457 ἀπὸ
3615 2409 3767 2458 Καπ-

2112 2485 2377 2550 παδοκίας
2411 2487 2647 2561 ἔπεμψεν
2701 2488 2777 2551 εἷς
2827 2486 3234 2564 Ἀλεξάνδρειαν
3269 2509 3282 2522 ·
3316 2489 3428 2545 καὶ·
3459 2491 3538 2553 εἰς
3581 2493 3674 2566 μὲν
3702 2493 3768 2547 τὸ

2116 2578 2345 2653 Σίρμιον
2403 2577 2508 2632 ἀπὸ
2555 2577 2786 2646 Κυζίκου
2836 2578 3216 2652 μετεπέμψατο
3265 2579 3549 2654 Γερμίνιον
3604 2598 3618 2611 ·
3661 2581 3768 2635 ἀπὸ

2116 2662 2174 2720 δὲ
2218 2672 2319 2734 τῆς
2381 2663 2703 2728 Λαοδικείας
2755 2666 3052 2742 Κεκρόπιον
3105 2666 3184 2730 εἷς
3241 2669 3342 2737 τὴν
3400 2666 3769 2744 Νικομήδειαν

2117 2751 2426 2809 ἀπέστειλεν
2438 2795 2452 2811 .
2593 2822 2598 2826 ἡ

2185 2845 2277 2898 75.
2311 2843 2411 2897 Καὶ
2439 2841 2723 2914 Αύξέντιον
2771 2844 2864 2917 μὲν
2899 2865 3034 2906 ⁴τινα
3077 2842 3508 2923 φιλοπράγμονα
3539 2843 3770 2920 ’μᾶλλον

2116 2929 2152 3000 ἢ
2185 2933 2497 3007 Χριστιανὸν
2534 2932 2638 2986 ἀπὸ
2681 2929 3071 2996 Καππαδοκίας
3120 2933 3196 2996 είς
3245 2929 3586 2990 Μεδιόλανον
3643 2957 3773 3009 μετ-

2119 3017 2419 3074 εστείλατοο
2467 3017 2561 3090 θίν’,
2613 3017 2799 3090 ἐπειδή
2850 3021 2943 3076 τὸν
2990 3020 3284 3077 ἐπίσκοπον
3332 3023 3427 3078 τὸν
3489 3022 3602 3078 ἐκεῖ
3648 3031 3774 3080 Διο-

2116 3108 2320 3178 νύσιον,
2355 3106 2634 3186 ἄνθρωπον
2683 3105 2914 3180 εὐλαϐῆ,
2946 3107 3034 3165 διὰ
3061 3113 3160 3180 τὴν
3213 3111 3290 3174 εἰς
3339 3113 3570 3188 Χριστὸν
3621 3112 3770 3170 εύσέ-

2119 3193 2269 3252 ϐειαν
2305 3197 2547 3272 ἐξώρισε,
2590 3203 2776 3261 ςοῦτον
2828 3198 2940 3254 ἐκεῖ
2987 3197 3218 3275 κελεύσῃ
3269 3200 3405 3255 εἶναι
3439 3219 3452 3232 ·
3485 3199 3766 3279 ἄνθρωπον

2123 3289 2290 3360 μήπω
2326 3283 2466 3359 μηδὲ
2492 3289 2592 3356 τήν
2643 3289 2951 3364 Ῥωμαϊκὴν
3004 3286 3184 3344 εἰδότα
3227 3287 3499 3365 γλῶτταν,
3527 3291 3568 3360 ἢ
3603 3292 3767 3365 μόνον

2117 3369 2326 3430 ἀσεϐεῖν
2380 3394 2393 3408 ·
2433 3380 2525 3430 νῦν
2579 3373 2635 3430 δὲ
2691 3374 2856 3431 πάλιν
2908 3378 3178 3460 Γεώργιόν
3225 3399 3346 3433 τινα
3396 3378 3766 3453 Καππαδόκην

2117 3462 2420 3539 ἄνθρωπον,
2483 3461 2778 3536 ὑποδέκτην
2835 3465 2886 3521 ἐν
2946 3465 3768 3544 Κωνσταντινουπόλειταμια-

2113 3556 2224 3607 κῶν
2275 3553 2564 3628 γενόμενον
2599 3556 2732 3628 (79),
2763 3553 2853 3608 καὶ
2903 3557 3351 3633 σφετερισάμενον
3419 3558 3614 3634 πάντα,
3672 3559 3766 3614 καὶ

2114 3636 2183 3695 δι’
2213 3641 2341 3696 αὐτὸ
2369 3647 2530 3697 τοῦτο
2570 3641 2828 3720 φυγόντα,
2860 3645 3181 3720 προσέτανεν
3233 3645 3310 3708 εἷς
3353 3643 3762 3724 Ἀλεξάνδρειαν

2113 3727 2370 3785 εἰσελθεῖν
2407 3733 2542 3805 μετά
2593 3739 2988 3807 στρατιωτικῆς
3038 3733 3350 3812 φαντασίας,
3402 3735 3492 3789 καὶ
3533 3742 3636 3806 τῆς
3663 3741 3765 3792 τοῦ

2111 3816 2487 3892 στρατηλάτου
2537 3817 2806 3890 ἐξουσίας.
2860 3821 2994 3876 Εἶτα
3041 3823 3211 3900 εὑρὼν
3267 3821 3590 3895 Ἐπίκτητόν
3641 3847 3767 3882 τινα

2107 3907 2384 3985 νεόφυτον,
2417 3909 2506 3963 καὶ
2534 3909 2796 3985 νεώτερον
2829 3910 3048 3987 θρασὺν,
3103 3913 3416 3987 ἠγάπησεν,
3467 3914 3610 3990 ὁρῶν
3665 3914 3760 3970 αὐ-

2104 3997 2196 4052 τὸν
2224 3993 2444 4070 ἕτοιμον
2477 3996 2554 4060 εἰς
2610 3998 2799 4052 κακίαν
2832 4001 2968 4072 (80)”
2999 3999 3089 4054 καὶ
3139 3997 3208 4054 δι’
3258 4000 3422 4056 αὐτοῦ
3468 4003 3549 4066 οἷς
3582 4001 3764 4059 ἐθέλυι

2105 4083 2299 4141 λοιπὸν
2351 4086 2668 4149 ἐπισκόποις
2717 4082 3060 4143 ἐπιϐουλεύει
3087 4107 3100 4120 ·
3133 4085 3356 4162 ’ἕτοιμος
3397 4090 3500 4166 γὰρ
3553 4089 3761 4156 ἐκεῖνός

2106 4172 2215 4229 ἐστι
2260 4175 2434 4230 πάντα
2478 4180 2652 4230 ποιεῖν
2685 4174 2718 4229 ἃ
2755 4173 3009 4251 βούλεται
3065 4175 3342 4251 βασιλεύς.
3392 4178 3580 4253 Τούτῳ
3625 4183 3758 4256 γοῦν

2106 4263 2346 4338 ὑπηρέτῃ
2396 4265 2710 4338 χρώμενος,
2757 4265 2847 4320 καὶ
2902 4264 2953 4320 ἐν
2997 4270 3066 4342 τῇ
3117 4267 3304 4340 Ῥώμῃ
3340 4267 3611 4337 πεποίηκε
3655 4291 3760 4326 πα-

2103 4349 2347 4425 ράδοξον,
2373 4351 2463 4406 καὶ
2495 4350 2717 4422 ἀληθῶς
2748 4353 3011 4428 ὁμοίωμα
3037 4361 3140 4425 τῆς
3171 4355 3550 4433 Ἀντιχρίστου
3586 4378 3756 4415 κακο-

338 4439 520 4492 tatem
552 4454 666 4508 pra
699 4454 761 4493 se
791 4438 956 4493 ferat.
1007 4437 1301 4492 Adornato
1360 4454 1616 4509 namque
1645 4439 1704 4492 in
1733 4439 1992 4494 ecclesiae

2111 4438 2249 4502 vota:
2288 4459 2300 4471 '
2335 4440 2451 4494 ἀντὶ
2512 4442 2617 4518 γὰρ
2663 4449 2767 4512 τῆς
2816 4441 3110 4513 ἐκκλησίας
3153 4443 3216 4497 τὸ
3258 4441 3523 4500 παλάτιον
3579 4467 3758 4524 παρα-

338 4523 531 4580 locum
555 4525 771 4598 palatio
795 4525 1314 4598 cum,p0pulorum
1335 4525 1605 4597 vice,tres
1635 4526 1746 4582 sibi
1777 4532 1991 4583 castra-

334 4616 426 4669 tos
456 4615 660 4670 adesse
681 4615 1230 4687 jussisset,demum
1263 4614 1561 4686 improbos
1580 4619 1699 4670 tres
1725 4621 1986 4672 catasco-

2101 4529 2378 4599 σκευάσας,
2409 4529 2499 4584 καὶ
2532 4530 2649 4584 ἀντὶ
2678 4535 2786 4586 τῶν
2839 4529 2986 4587 λαῶν
3025 4537 3174 4608 τρεῖς
3221 4553 3327 4587 που
3374 4530 3756 4598 θλαδίαςέαυ-

2095 4621 2192 4671 τοῦ
2241 4617 2510 4686 πεποίηκε
2556 4625 2808 4695 παρεῖναι
2843 4640 2856 4653 ο
2887 4621 2978 4676 καὶ
3031 4619 3225 4676 λοιπὸν
3285 4623 3560 4698 ἠνάγκασε
3603 4632 3755 4702 τρεῖς

333 4703 522 4774 pos,id
544 4708 632 4758 est
661 4703 1244 4775 exploratores,haud
1277 4703 1435 4758 enim
1467 4703 1725 4775 episcopi
1757 4721 1986 4760 nuncu-

2111 4708 2383 4777 ιακοήθεις
2441 4708 2816 4772 κατασκόπους
2876 4710 2963 4784 (οὐ
3016 4712 3120 4786 γὰρ
3179 4708 3240 4765 ἄν
3289 4731 3374 4773 τις
3423 4710 3753 4778 ἐπισκόπους

332 4791 529 4862 pandi,
568 4792 764 4865 adegit
795 4798 861 4847 ut
890 4791 1134 4847 Felicem
1169 4792 1488 4863 quemdam
1520 4791 1786 4863 ipsorum
1819 4794 1988 4849 mori-

2097 4793 2240 4850 εἷ¹ποι
2347 4803 2680 4865 καταστῆσαι
2716 4795 2872 4867 δῆθεν
2922 4797 3212 4854 ἐπίσκοπον
3267 4798 3318 4854 ἐν
3367 4804 3448 4873 τῷ
3495 4800 3751 4878 παλατίῳ

327 4879 440 4935 bus
472 4881 718 4953 dignum
749 4881 1072 4947 hominem,
1134 4881 1476 4952 episcopum
1537 4881 1877 4938 ordinarent
1923 4884 1983 4939 in

2111 4882 2319 4955 βήλικά
2347 4887 2459 4959 (81)
2489 4906 2610 4940 τινα
2636 4885 2780 4957 ἄξιον
2817 4887 3043 4945 ἑαυτῶν.
3097 4889 3161 4942 Οἱ
3208 4889 3313 4966 γὰρ
3361 4887 3486 4946 λαοὶ
3525 4891 3746 4962 πάντες,

328 4969 782 5043 palatio.Populi
815 4969 974 5025 enim
1007 4969 1419 5024 animadversa
1440 4967 1843 5026 haereticorum
1867 4989 1981 5043 prae

2095 4970 2296 5035 εἰδότες
2352 4974 2453 5043 τήν
2511 4975 2852 5049 παρανομίαν
2905 4980 3013 5032 τῶν
3073 4977 3383 5053 αἱρετικῶν,
3443 4976 3568 5035 οὔτε
3625 4979 3747 5035 συν-

324 5058 698 5128 varicatione,
733 5059 886 5116 398
926 5076 1040 5114 non
1073 5063 1490 5113 concesserunt
1519 5063 1585 5114 ut
1613 5059 1673 5114 in
1705 5060 1981 5119 ecclesias

2111 5062 2379 5138 ιχώρησαν
2430 5061 2615 5124 αὐτοῖς
2664 5063 2742 5126 εἰς
2787 5065 2885 5128 τὰς
2939 5051 3234 5135 ἐκκλησίας
3281 5066 3562 5139 εἰσελθεῖν,
3590 5051 3746 5125 ’ἀλλὰ

322 5147 407 5202 illi
440 5148 910 5221 ingrederentur,
943 5148 1046 5203 sed
1079 5145 1281 5218 procul
1313 5145 1432 5202 illis
1465 5147 1896 5205 abscesserunt.

391 5310 484 5377 (75

414 5382 484 5434 76

414 5453 482 5504 7'7

412 5523 482 5574 78

321 5593 730 5663 quinquaginta
758 5594 972 5647 aedium
1001 5594 1312 5663 episcopos:
1347 5593 1445 5646 sed
1500 5609 1636 5648 vera
1686 5597 1974 5652 sententia

541 5311 624 5365 Ita
654 5309 795 5381 Reg.
830 5306 978 5381 Editi
1004 5303 1412 5381 ἀλλοτριῶσαι..

538 5381 634 5436 Sic
664 5378 830 5452 Reg,
863 5378 1150 5452 vigdesst
1179 5378 1236 5452 in
1267 5378 1459 5434 editis.

539 5452 623 5506 lta
653 5446 789 5521 Reg.
815 5446 972 5505 ’Editi
1002 5465 1135 5504 vero
1162 5446 1347 5504 αὐτοῦ.

488 5310 505 5592 ἓ

392 5380 409 5592 ἑ

2092 5150 2298 5226 μακρὰν
2331 5149 2422 5204 ἀπ’
2451 5149 2626 5206 αὐτῶν
2660 5152 3034 5229 ἀνεχώρησαν.

2085 5314 2232 5366 orat.
2263 5311 2469 5392 21_,__ait
2500 5313 2684 5392 fuisse
2715 5312 2872 5369 ύείων
2902 5319 3084 5392 Δκρεῶν
3111 5311 3434 5392 *ὑποδοχέῃ
3480 5327 3740 5392 ea:pr-

2085 5397 2203 5464 IA-em
2230 5384 2486 5464 suﬂ‘liuyn
2513 5388 2790 5458 carnium,
2815 5384 3055 5464 quibus:
3075 5384 3386 5464 alebantur
3413 5384 3740 5464 milites!»

1196 5453 1347 5532 9:05.
1570 5521 1619 5533 υ
1748 5522 1796 5533 ,θ
1957 5529 1966 5533 Α
2082 5453 2312 5533 Georgii
2337 5453 2517 5533 hujus
2545 5453 3023 5532 genere,"patria,
3073 5453 3479 5533 moribusque,
3525 5461 3738 5521 fu‘se-in

536 5521 648 5596 Πρὸ
689 5523 1024 5596 πεντήκοντα
1082 5522 1286 5596 μονῶν,
1347 5521 1518 5596 vertit
1570 5521 1838 5578 Nannius
1871 5541 1883 5578 ζ
1918 5529 1974 5580 et

2111 5521 2378 5582 lthaﬁasii
2411 5521 2548 5582 Vita.

2300 5597 2440 5669 Reg.
2497 5597 2710 5670 μανίαν.
2764 5602 2894 5659 Mox
2937 5591 3108 5658 idem
3161 5589 3300 5675 Reg.
3333 5589 3529 5657 ἐθέλει.
3563 5583 3738 5662 Ἐὶιῆἰ

319 5668 408 5717 est
439 5679 617 5734 quam
639 5664 1043 5735 exprimimus.
1078 5663 1224 5718 Vide
1254 5663 1311 5716 in
1343 5663 1496 5733 Apol.
1521 5674 1710 5720 contra
1729 5667 1971 5723 Aria-nos
2083 5663 2280 5720 ἐθέλοι.

319 5749 453 5805 pag.
500 5736 622 5788 117.

2173 5732 2694 5818 81)⁴Ρεεεεζφίλικα.
2729 5744 2813 5806 De
2868 5733 3056 5802 Felice
3107 5733 3313 5802 actum
3358 5745 3494 5818 ijam
3553 5746 3734 5805 estin

389 5803 502 5876 (79)
558 5806 726 5862 Hunc
808 5804 1120 5876 Georgium
1185 5803 1500 5876 Gregorius
1563 5805 1836 5877 Nazianz,
1905 5809 1966 5868 in
2077 5803 2545 5870 ᾺιῙιαηάδίΓνίια.
