4132 6372
398 482 525 567 ἿΒΒ

1338 489 1715 556 HISTORIA
1754 485 2229 551 ARIANORUM
2271 484 2375 548 AD
2419 485 2872 550 MONACHOS.

3690 477 3812 545 786

477 635 568 693 76.
599 630 659 689 Τί
692 631 782 689 οὗν
828 631 985 695 οὗτος
1029 632 1124 686 τοῦ
1172 625 1550 702 Ἀντιχρίστου
1599 619 2001 699 παραλέλοιπεν
2038 637 2052 688 ;

2236 620 2325 673 76.
2360 619 2506 686 Quid
2538 620 2717 692 igitur
2764 621 2873 676 iste
2920 619 3076 693 quod
3115 616 3468 675 Antichristo
3525 618 3814 689 congruat

408 724 445 792 ἢ
494 723 547 779 τί
579 724 745 778 πλέον
798 722 1000 783 ἐκεῖνος
1043 717 1211 775 ἐλθὼν
1262 716 1455 771 τούτου
1492 716 1808 783 ποιήσειεν;
1840 717 1905 765 'II
1938 713 2056 770 πῶς

412 812 615 875 ἐκεῖνος
671 811 843 867 ἐλθὼν
904 810 1009 887 οὐχ
1074 810 1290 882 εὑρήσει
1351 804 1483 880 πρὸς
1564 804 1769 871 ἀπάτην
1832 797 2054 855 εὔκολον

410 903 924 975 προετοιμασθεῖσαν
976 895 1123 969 αὐδῴ
1170 896 1317 972 παρά
1361 893 1555 949 τούτου
1602 893 1701 960 τὴν
1758 888 1878 945 ὁδόν
1912 907 1926 959 ;
1959 888 2058 942 Καὶ

410 993 513 1066 γὰρ
545 991 711 1046 πάλιν
745 989 861 1044 ἀντὶ
892 993 1000 1045 τῶν
1053 984 1359 1055 ἐκκλησιῶν
1414 984 1490 1045 εἷς
1534 983 1600 1036 τα
1638 978 1878 1035 παλάτια
1923 977 2058 1055 πρὸς

412 1064 597 1134 ἑαυτὸν
630 1080 725 1139 τὰς
756 1075 963 1153 κρίσεις
1012 1072 1389 1149 προκαλεῖται.
1444 1068 1540 1124 Καὶ
1588 1066 1793 1122 τούτων
1840 1066 1932 1138 μὲν
1966 1064 2058 1118 αὐ-

410 1168 503 1229 τὸς
564 1166 779 1241 ἐξάρχει
813 1166 920 1219 ’τὸ
979 1162 1035 1217 δὲ
1093 1161 1396 1234 θαυμαστὸν
1434 1204 1446 1227 ,
1508 1157 1610 1223 ὅτι,
1670 1155 1763 1210 κᾶν
1814 1156 2064 1229 Θεωρήσῃ

412 1255 540 1318 τοὺς
588 1254 929 1329 κατηγόρους
980 1253 1338 1327 ἀποροῦντας,
1388 1246 1549 1307 αὐτύς
1596 1243 1914 1319 ἀναδέχεται
1962 1242 2059 1309 τήν

414 1328 751 1420 κατηγορίαν
783 1363 795 1375 °
820 1340 914 1395 ’ἱνα
948 1338 1087 1414 μηδὲ
1119 1337 1506 1412 ἀπολογεῖσθαι
1563 1336 1673 1407 (82)
1728 1332 1918 1387 Λοιπὸν

414 1440 529 1496 τοῖς
563 1431 941 1505 ἀδικουμένοις
973 1428 1061 1485 διὰ
1088 1430 1186 1498 τὴν
1218 1429 1344 1503 παρ’
1376 1426 1539 1480 αὐτοῦ
1582 1423 1723 1498 βίαν.
1760 1421 1859 1475 Καὶ
1903 1423 2066 1474 τοῦτ’)

417 1523 712 1593 πεποίηκεν
747 1520 798 1576 ὲν
829 1524 947 1581 τοῖς
993 1520 1129 1573 κατὰ
1179 1515 1495 1571 Ἀθανασίου
1531 1532 1542 1545 ⁸
1575 1514 1673 1581 τήν
1725 1512 1828 1586 γὰρ
1862 1505 2068 1563 Παυλί-

418 1634 535 1681 νου,
594 1612 683 1666 καὶ
731 1608 1109 1686 Λουκιφέρου,
1167 1606 1258 1661 καὶ
1308 1598 1590 1672 Εὐσεϐίου,
1639 1600 1729 1655 καὶ
1790 1595 2069 1654 Διονυσίου

418 1706 527 1757 τῶν
562 1699 867 1757 ἐπισκόπων
917 1694 1221 1774 παρρησίαν
1286 1692 1531 1771 βλέπων,
1586 1689 1677 1745 καὶ
1735 1689 1810 1751 ὡς
1870 1687 1929 1743 ἐκ
1969 1693 2071 1756 τῆς

426 1789 711 1865 μετανοίας
732 1786 1032 1863 Οὐρσακίου
1053 1785 1143 1841 καὶ
1167 1781 1468 1844 Οὐάλεντος
1490 1783 1602 1854 (83)
1624 1777 1921 1865 διήλεγχον
1944 1775 2072 1839 τοὺς

420 1864 557 1936 κατά
629 1884 726 1934 τοῦ
786 1877 1080 1932 ἐπισκόπου
1154 1873 1417 1948 λέγοντας
1450 1920 1465 1945 ,
1527 1870 1615 1925 καὶ
1685 1864 2070 1923 συνεϐούλευον

430 1970 626 2043 μηκέτι
665 1975 873 2044 χρῆναι
928 1962 1267 2020 πιστεύεσθαι
1321 1961 1446 2022 τοὺς
1505 1960 1628 2035 περὶ
1680 1955 1955 2011 Οὐάλεντα
1988 1976 2075 2028 με-

422 2058 718 2133 ταγνόντας
750 2055 829 2133 ἐφ’
870 2055 953 2116 οἷς
1008 2052 1232 2127 λέγουσι
1282 2055 1395 2121 νύν⁷
1451 2047 1601 2109 εὐθὺς
1653 2046 1880 2106 ἀναστὰς
1934 2044 2073 2098 εἶπεν

424 2132 571 2223 Ἐγὼ
600 2132 908 2220 κατήγορός
948 2142 1063 2216 εἶμι
1093 2146 1185 2196 νῦν
1222 2138 1562 2206 Ἀθανασίου,
1606 2135 1673 2191 δι’
1724 2135 1821 2208 ἐμὲ
1868 2132 2080 2188 πιστεύ-

428 2222 553 2291 σατε
584 2237 665 2297 οἷς
699 2235 785 2289 ἐὰν
821 2233 1055 2306 λέγωσιν
1098 2232 1269 2285 οὗτοι.
1314 2228 1463 2295 Εἶτα,
1518 2225 1734 2281 ἐκείνων
1780 2222 2076 2297 λεγόντων,

428 2330 547 2387 πῶς
582 2322 803 2379 δύνασαι
830 2322 1138 2396 κατήγορος
1172 2319 1327 2390 εἶναι,
1366 2318 1440 2389 μὴ
1492 2315 1760 2391 παρόντος
1806 2317 1901 2366 τοῦ
1949 2333 2076 2365 κατ-

431 2414 810 2491 ηγορουμένου
844 2410 927 2480 ;εἱ
971 2412 1074 2486 γαρ
1125 2409 1186 2463 σύ
1234 2408 1542 2480 κατήγορος
1592 2404 1657 2473 εἴ,
1709 2400 1833 2457 ἀλλ’
1878 2400 2077 2462 ἐκεῖνος

437 2506 512 2577 μὴ
550 2503 761 2578 παρὼν,
810 2500 871 2555 οὐ
917 2497 1134 2554 δύναται
1186 2496 1478 2571 κρίνεσθαι.
1530 2492 1602 2547 Οὐ
1648 2493 1750 2568 γὰρ
1798 2492 2073 2563 Ῥωμαϊκή

436 2592 576 2648 ἐστιν
674 2587 963 2663 κρίσις,’ἷν’
994 2588 1068 2649 ὡς
1127 2582 1379 2663 βασιλεὺς
1428 2584 1739 2655 πιστευθῇς,
1784 2578 1928 2633 ἀλλά
1956 2577 2081 2654 περὶ

436 2680 734 2737 ἐπισκόπου
788 2678 899 2733 ἐστὶ
944 2677 1007 2731 τὸ
1055 2679 1228 2751 κρῖμα
1261 2693 1273 2706 ·
1306 2673 1395 2726 καὶ
1442 2669 1522 2726 δεῖ
1567 2672 1665 2739 τήν
1734 2668 1907 2745 κρίσιν
1960 2664 2079 2737 ἴσην

437 2770 572 2825 εἶναι
600 2773 678 2841 τῷ
706 2770 1105 2843 κατηγοροῦντι
1134 2764 1224 2819 καὶ
1253 2766 1333 2835 τῷ
1353 2762 1677 2836 κρινομένῳ.
1716 2763 1839 2820 Πῶς
1891 2755 1947 2812 δὲ
1994 2756 2085 2811 καὶ

434 2862 761 2934 κατηγορεῖς
809 2860 1091 2925 ;συνεῖναι
1142 2854 1243 2927 γὰρ
1291 2850 1390 2905 οὐκ
1446 2847 1682 2919 ἠδύνασο
1737 2852 1817 2919 τῷ
1878 2847 2084 2923 μακράν

437 2969 531 3003 σου
555 2933 886 3023 τυγχάνοντι
920 2962 933 2975 ⁸
971 2942 1015 2997 εἰ
1050 2939 1106 2995 δε
1156 2940 1301 3016 παρᾶ
1338 2938 1545 2993 τούτων
1600 2937 1830 2997 ἀκούσας
1881 2933 2084 3009 λέγεις,

437 3034 643 3091 δίκαιόν
708 3033 818 3089 ἐστί
869 3053 926 3086 σε
971 3032 1061 3085 καὶ
1108 3031 1177 3083 τὰ
1222 3028 1348 3102 παρ’
1399 3027 1605 3081 ἐκείνου
1663 3023 1937 3099 λεγόμενα
1991 3044 2088 3077 πι-

436 3124 637 3181 στεύειν
675 3145 687 3158 ·
722 3123 766 3179 εἰ
798 3119 855 3176 δὲ
890 3122 963 3193 μὴ
998 3117 1268 3178 πιστεύεις
1302 3114 1514 3187 ἐκείνῳ,
1546 3113 1816 3173 πιστεύεις
1865 3109 1921 3166 δὲ
1958 3111 2084 3165 τού-

434 3234 572 3286 τοις,
606 3211 886 3290 φαίνονται
921 3204 1132 3281 μᾶλλον
1183 3205 1331 3259 οὗτοι
1384 3202 1472 3257 διὰ
1517 3203 1573 3256 σε
1605 3201 1857 3275 λέγοντες
1896 3199 2085 3267 ταύτα,

434 3303 523 3357 καὶ
574 3289 651 3363 εἷς
683 3301 780 3368 σὴν
829 3299 991 3375 χάριν
1048 3296 1480 3368 κατηγοροῦντες
1524 3289 1863 3345 Ἀθανασίου.
1913 3291 2089 3342 Ταῦτα

2167 709 2663 780 ριέθῑοινωίεἱιςειιη
2692 710 2833 781 quid
2865 710 3121 781 amplius
3149 708 3409 776 ille,cum
3437 707 3813 771 veniet,actu-

2168 813 2269 851 rus
2300 796 2414 851 est?
2442 798 2559 851 Imo
2593 799 2785 870 potius
2817 816 3010 853 nonne
3041 797 3138 852 ille
3170 798 3226 852 in
3260 814 3366 853 suo
3397 796 3815 865 adventu,praa-

2170 890 2431 958 paratam
2460 886 2571 941 sibi
2607 905 2640 942 a
2661 888 2992 943 Constantio
3031 888 3188 942 viam
3234 886 3491 942 inveniet
3516 885 3814 953 ?Namque

2168 975 2289 1041 ille,
2323 975 2700 1031 ecclesiarum
2731 978 2874 1043 vice,
2906 977 2965 1032 in
3018 976 3302 1049 palatium
3348 974 3573 1048 judicia
3630 974 3701 1029 ad
3754 987 3815 1027 se

2169 1066 2448 1121 transfert
2477 1066 2890 1137 ecclesiastica,
2924 1069 3140 1139 quibus
3172 1068 3297 1138 ipse
3327 1062 3815 1138 praesidet.Quod-

2174 1172 2284 1226 que
2308 1156 2626 1225 permirum
2660 1157 2962 1223 habeatur,
2999 1158 3045 1212 si
3080 1157 3313 1228 quando
3362 1156 3651 1209 hmrentes
3681 1169 3817 1207 con-

2175 1244 2427 1314 spexerit
2456 1250 2846 1311 accusatores,
2876 1246 3183 1301 accusandi
3220 1262 3437 1300 munus
3459 1242 3671 1313 excipit
3701 1240 3817 1309 ille,

2177 1336 2241 1388 ut
2275 1350 2345 1387 ne
2376 1332 2591 1404 injuria
2617 1335 2837 1390 affectis
2866 1335 3037 1389 liceat
3066 1333 3504 1390 criminationes
3536 1330 3823 1403 depellere

2176 1422 2304 1493 ejus
2338 1439 2545 1494 nempe
2574 1422 2849 1479 violentia
2868 1423 3469 1496 prohibitis.ldipsum
3488 1424 3607 1494 egit
3629 1421 3824 1476 adver-

2179 1529 2282 1566 sus
2313 1512 2723 1569 Athanasium:
2758 1519 3070 1586 conSpecta
3100 1513 3315 1585 quippe
3346 1510 3821 1578 Paulini,Lucife-

2180 1602 2491 1671 ri,Eusebii
2514 1606 2570 1658 et
2599 1603 2859 1676 Dionysii
2881 1604 3289 1676 episcoporum
3307 1602 3584 1674 loquendi
3612 1600 3827 1657 ﬁducia

2181 1696 2238 1747 et
2267 1708 2385 1763 qua
2414 1692 2638 1749 ratione
2667 1692 2753 1747 illi
2782 1711 2852 1749 ex
2882 1692 3104 1749 Ursacii
3136 1697 3193 1748 et
3246 1692 3507 1749 Valentis
3540 1693 3827 1765 paeniten-

2180 1781 2283 1847 tia,
2316 1780 2471 1837 viros
2502 1782 2600 1853 qui
2627 1782 2969 1855 episcopum
3001 1781 3590 1849 insimulabant,falsi
3622 1798 3830 1853 argue-

2184 1871 2767 1942 rent,suaderentque
2799 1890 2913 1927 non
2946 1872 3103 1927 ultra
3133 1872 3307 1927 fidem
3350 1871 3576 1927 Valenti
3608 1871 3833 1928 sociove

2183 1958 2516 2013 habendam
2548 1977 2697 2023 esse,
2732 1978 2879 2032 quos
2911 1965 3044 2016 ante
3077 1960 3449 2032 paenituisset
3469 1978 3671 2017 eorum
3705 1978 3831 2035 quae

2179 2048 2301 2117 jam
2336 2047 2593 2103 dicerent
2626 2068 2638 2103 :
2673 2048 2770 2104 ille
2800 2050 2998 2104 statim
3056 2066 3396 2122 exsurgens,
3445 2054 3583 2121 Ego,
3616 2049 3831 2121 inquit,

2180 2136 2303 2207 jam
2339 2153 2470 2190 sum
2504 2137 2812 2192 Athanasii
2861 2142 3185 2193 accusator.
3221 2140 3332 2194 mei
3384 2138 3573 2210 gratia
3631 2154 3832 2194 eorum

2190 2224 2361 2279 dictis
2393 2225 2566 2280 fidem
2595 2225 3017 2282 habetoteJllis
3042 2227 3684 2297 respondentibus.Quo
3706 2242 3837 2297 pac-

2189 2317 2249 2368 to
2278 2318 2582 2369 accusator
2610 2332 2737 2371 esse
2770 2320 2933 2387 potes
2966 2317 3206 2371 absente
3238 2333 3334 2372 reo
3370 2334 3383 2371 :
3418 2334 3552 2372 nam
3603 2315 3834 2372 etiamsi

2194 2404 2316 2455 tute
2345 2402 2427 2457 sis
2458 2406 2781 2473 accusator,
2806 2404 3168 2474 judicandus
3194 2407 3350 2459 tame
3379 2420 3495 2459 non
3527 2409 3617 2459 est
3646 2403 3743 2459 ille
3774 2402 3835 2457 in

2190 2491 2281 2545 sui
2314 2492 2605 2546 absentia?
2633 2493 2757 2547 Non
2781 2493 3073 2564 judicium
3108 2493 3324 2564 quippe
3355 2494 3685 2549 Romanum
3710 2494 3838 2564 jam

2194 2578 2523 2635 instituitur
2552 2586 2616 2636 ut
2665 2582 2795 2647 tibi,
2828 2582 3095 2652 quamvis
3156 2583 3474 2653 imperator
3530 2583 3634 2647 sis,
3692 2582 3839 2637 ﬁdes

2192 2668 2479 2724 habeatur
2509 2688 2522 2737 ;
2558 2671 2659 2725 sed
2692 2671 2762 2727 de
2792 2670 3061 2743 episcopo
3084 2672 3376 2741 judicium
3410 2672 3603 2744 agitur
3629 2677 3685 2729 et
3715 2672 3841 2743 pari

2189 2758 2323 2829 jure
2354 2776 2488 2813 cum
2521 2764 2856 2816 accusatore
2886 2765 2943 2816 et
2973 2765 3243 2817 accusato
3300 2762 3391 2833 agi
3449 2766 3697 2833 oportet.
3732 2762 3842 2827 Qui

2197 2852 2393 2903 autem
2425 2865 2699 2905 accusare
2729 2853 2793 2904 tu
2828 2854 2993 2918 potes
3015 2850 3043 2904 ?
3075 2868 3189 2905 non
3248 2850 3401 2905 enim
3438 2867 3693 2922 praesens
3736 2852 3843 2908 tibi

2198 2938 2309 2992 fuit
2341 2937 2429 2991 vir
2460 2938 2560 3009 qui
2594 2938 2792 3009 procul
2823 2944 2880 2994 te
2909 2940 3251 2995 versabatur
3282 2957 3294 2995 :
3330 2940 3487 3012 quod
3519 2941 3569 2995 si
3598 2957 3667 2997 ea
3696 2940 3842 2996 dicis

2199 3044 2324 3098 quae
2341 3026 2599 3081 didicisti
2622 3028 2692 3081 ab
2715 3026 3095 3099 iltis,aequum
3120 3028 3447 3083 sanet‘uerit
3462 3032 3517 3084 te
3546 3030 3673 3100 ejus
3697 3046 3840 3102 quo-

2198 3130 2309 3186 que
2340 3114 2513 3169 dictis
2546 3116 2715 3170 fidem
2742 3116 3015 3171 adhibere
3050 3133 3063 3169 :
3096 3117 3186 3170 sin
3218 3114 3509 3183 illi,ﬁdem
3540 3134 3655 3173 non
3678 3117 3842 3173 adhi-

2197 3203 2359 3271 bens,
2393 3202 2485 3257 his
2516 3203 2779 3269 adhibes,
2814 3204 3086 3259 videntur
3142 3208 3297 3260 certe
3348 3203 3432 3259 illi
3490 3205 3612 3262 haec
3664 3207 3723 3261 in
3755 3208 3841 3262 tui

2199 3290 2447 3362 gratiam
2480 3293 2755 3363 proferre,
2782 3292 2841 3346 in
2873 3292 2957 3347 tui
2992 3292 3239 3363 gratiam
3270 3292 3409 3347 item
3439 3294 3825 3353 Athanasium

437 3391 691 3457 ἀκούσας,
721 3388 810 3443 καὶ
835 3368 1085 3459 ⁷νομίσας
1136 3379 1288 3458 ὕϐριν
1342 3381 1473 3435 εἶναι
1524 3380 1586 3433 τὸ
1636 3376 1826 3453 λεχθὲν
1884 3376 2074 3450 ὀρθῶςε

2197 3396 2493 3435 accusare.
2527 3382 2627 3436 His
2660 3380 2754 3437 ille
2811 3381 3025 3436 auditis
3082 3385 3245 3437 ratus
3301 3382 3422 3437 haec
3468 3384 3663 3450 verba,
3716 3402 3843 3457 quea

438 3480 675 3541 ἐκείνους
730 3478 823 3550 μὲν
874 3473 1095 3549 ἐξώρισε
1128 3492 1139 3503 ·
1169 3469 1407 3541 κινηθεὶς
1457 3466 1514 3522 δὲ
1560 3468 1697 3521 κατὰ
1742 3464 2083 3533 Ἀθανασίου,

437 3569 769 3643 ἀγριώτερον
832 3560 1057 3639 ἔγραψεν
1120 3559 1278 3615 αὐτόν
1336 3580 1395 3613 τε
1451 3559 1637 3611 παθεῖν
1686 3556 1751 3609 τά
1797 3553 2083 3629 γενόμενα,

561 3642 685 3718 τοῖς
728 3657 1025 3731 Ἀρειανοῖς
1070 3647 1439 3725 παραδοθῆναι
1488 3646 1584 3707 τὰς
1635 3642 1949 3715 ἐκκλησίας,
1995 3644 2085 3696 καὶ

433 3747 650 3807 τούτοις
681 3743 871 3814 ἐξεῖναι
903 3742 1155 3814 πράττειν
1187 3738 1219 3792 ἃ
1256 3735 1569 3813 βούλονται.

2197 3471 2354 3523 recta
2384 3486 2525 3524 sane
2554 3474 2740 3535 erant,
2790 3470 2849 3524 in
2908 3487 3076 3525 suam
3132 3474 3355 3526 vertere
3403 3474 3842 3543 contumeliam,

2198 3558 2357 3612 viros
2390 3558 2553 3613 misit
2581 3558 2640 3613 in
2673 3558 2909 3614 exilium
2948 3576 2960 3614 :
2995 3564 3443 3632 commotusque
3474 3560 3531 3615 in
3581 3563 3845 3619 Athana-

2197 3645 2373 3717 sium,
2406 3647 2672 3703 efferatas
2704 3647 2865 3703 misit
2896 3647 3120 3703 litteras
3141 3649 3359 3719 jubens
3390 3649 3558 3705 illum
3588 3650 3661 3706 iis
3692 3652 3845 3708 affici

2198 3734 2369 3789 malis
2400 3736 2615 3807 quibus
2647 3736 2889 3793 allectus
2920 3753 3117 3793 revera
3146 3742 3237 3793 est
3271 3754 3281 3791 :
3312 3738 3661 3812 Arianisque
3692 3742 3844 3798 tradi

432 3836 731 3900 ecclesias,
764 3832 1219 3901 facultatemque
1250 3827 1394 3899 ipsis
1426 3825 1575 3894 dari,
1598 3826 1753 3897 quod
1786 3824 1993 3878 liberet
2017 3821 2306 3879 arbitratu
2340 3842 2446 3880 suo
2479 3826 2709 3898 agendi.

504 3926 593 3978 77.
631 3922 786 3977 Δεινά
838 3922 931 3994 μὶν
990 3917 1081 3974 οὖν
1128 3917 1218 3972 καὶ
1278 3916 1417 3991 πέρα
1474 3914 1661 3969 δεινῶν
1706 3914 1772 3967 τα
1818 3914 2079 3965 τοιαῦτα·

433 4014 714 4087 πρέπουσα
743 4008 801 4065 δὲ
828 4008 1021 4085 πρᾶξις
1054 4006 1206 4080 ὅμως
1243 4009 1326 4079 γῷ
1376 4023 1484 4079 σχη
1498 4003 1844 4075 ματιζομένῳ
1891 4000 1958 4054 τά
1986 4002 2082 4054 τοῦ

431 4101 832 4179 Ἀντιχρίστου.
864 4098 955 4159 Τίς
998 4097 1124 4172 γὰρ,
1163 4092 1378 4169 βλέπων
1430 4092 1585 4147 αὐτὸν
1632 4089 1929 4165 ἐξάρχοντα
1973 4092 2080 4179 τῶν

344 4178 345 4181 Ἴ
434 4175 810 4265 νομιζομένων
864 4185 1169 4242 ἐπισκόπων
1223 4183 1314 4236 καὶ
1372 4182 1787 4257 προκαθήμενον
1840 4181 1946 4231 τῶν
2001 4175 2082 4230 έκ-

430 4278 835 4349 κλησιαστικῶν
867 4273 1119 4349 κρίσεων,
1154 4271 1253 4326 οὐκ
1297 4268 1611 4330 ἀκολούθως
1661 4267 1720 4322 ἂν
1773 4264 1915 4321 εἷ’ποι
1939 4266 2083 4320 τούτ’

436 4368 571 4423 εἶναι
600 4367 661 4419 τὸ
694 4363 781 4419 διὰ
809 4368 906 4418 τοῦ
938 4358 1142 4429 Δανιὴλ
1176 4360 1465 4433 εἰρημένον
1503 4355 1788 4432 βδέλυγμα
1822 4362 1923 4424 τῆς
1955 4354 2081 4431 ἐρη-

439 4457 709 4530 μώσεως;
754 4453 852 4507 Τὸν
913 4451 1017 4525 γὰρ
1077 4447 1497 4524 Χριστιανισμὸν
1557 4440 2031 4520 περιϐεϐλημένος
2068 4488 2082 4512 ,

433 4546 523 4599 καὶ
555 4544 631 4605 εἷς
654 4540 782 4603 τοὺς
816 4538 1006 4615 ἁγίους
1035 4536 1235 4598 τόπους
1280 4534 1688 4609 εἰσερχόμενος,
1737 4534 1979 4602 ἑστηκώς
2026 4553 2085 4586 τε

433 4633 486 4688 ἐν
540 4631 763 4700 αὐτοῖς,
824 4628 1027 4704 ἐρημοῖ
1071 4627 1167 4687 τὰς
1228 4621 1543 4693 ἐκκλησίας,
1602 4620 1895 4695 παραλύων
1955 4620 2083 4683 τοὺς

2262 3915 2350 3967 77.
2379 3916 2554 3970 Gavia
2584 3916 2820 3986 quidem
2853 3920 2909 3972 et
2940 3916 3071 3988 plus
3100 3934 3278 3988 quam
3310 3918 3509 3990 gravia
3538 3923 3678 3975 sunt
3705 3919 3840 3989 ista,

2194 4008 2587 4059 consentanea
2615 4009 2809 4059 tamen
2834 4004 2884 4059 ei
2911 4005 3010 4077 qui
3034 4006 3377 4061 Antichristi
3407 4008 3658 4078 figuram
3675 4008 3842 4081 gerit.

2192 4090 2333 4153 Quis
2367 4092 2523 4147 enim
2554 4091 2758 4147 videns
2790 4093 2955 4147 illum
3014 4093 3087 4149 iis
3118 4095 3219 4165 qui
3276 4094 3533 4167 episcopi
3566 4100 3847 4168 putantur

2194 4180 2429 4251 praefici,
2465 4181 2522 4236 in
2559 4180 3084 4253 ecclesiasticisque
3108 4182 3350 4253 judiciis
3380 4184 3837 4255 praesidere,non

2186 4269 2323 4339 jure
2354 4269 2508 4324 dicat
2536 4269 2687 4326 hanc
2701 4288 2829 4327 esse
2849 4270 3005 4326 illam
3031 4289 3064 4326 a
3084 4272 3321 4328 Daniele
3351 4274 3685 4345 praedictam
3709 4276 3845 4331 abo-

2196 4357 2576 4413 minationem
2609 4358 2990 4415 desolationis
3019 4359 3093 4414 5°?
3143 4360 3593 4417 Christianismo
3626 4362 3843 4435 quippe

2194 4448 2444 4505 amictus
2474 4448 2591 4513 ille,
2642 4453 2697 4503 et
2728 4448 2785 4503 in
2818 4448 2944 4503 loca
3000 4453 3202 4504 sancta
3258 4448 3581 4522 ingressus,
3642 4451 3843 4523 ibique

2193 4536 2823 4603 consistens,ecclesias
2852 4541 3058 4593 vastat:
3087 4554 3408 4610 earumque
3440 4541 3735 4612 abrogatis
3753 4558 3843 4597 ca-

2196 4624 2468 4690 nonibus,
2500 4624 2552 4679 vi
2587 4624 2739 4697 cogit
2770 4628 2834 4679 ut
2865 4642 2973 4679 sua
3029 4624 3332 4681 obtineant
3388 4626 3638 4681 decreta.
3684 4627 3840 4682 Num

430 4722 638 4777 τούτων
696 4718 946 4786 κανόνας,
1002 4716 1092 4771 καὶ
1148 4714 1215 4768 τὰ
1273 4710 1384 4767 ἴδια
1442 4716 1655 4787 κρατεῖν
1724 4709 2074 4785 βιαζόμενος,

2196 4713 2329 4784 quis
2361 4713 2517 4768 ausit
2545 4712 2735 4767 dicere
2763 4716 2996 4784 tempus
3028 4713 3186 4784 pacis
3236 4713 3583 4770 Christianis
3615 4715 3838 4784 adesse,

430 4814 571 4886 ’Δρα
597 4808 683 4870 τίς
714 4804 791 4862 ἔτι
821 4803 1007 4878 τολμᾷ
1035 4802 1215 4879 λέγειν
1262 4802 1354 4855 τὸν
1406 4800 1589 4879 καιρὸν
1638 4803 1827 4886 τοῦτον
1879 4798 2081 4873 εἰρηνι-

428 4884 521 4954 κὸν
557 4898 692 4953 εἶναι
734 4897 1091 4969 Χριστιανῶν,
1140 4891 1231 4945 καὶ
1281 4890 1341 4945 οὐ
1395 4886 1607 4962 μᾶλλον
1660 4884 1904 4961 διωγμόν
1941 4906 1954 4955 ;
1989 4886 2077 4940 καὶ

429 4985 699 5063 διωγμὸν,
751 4986 865 5045 οἷος
914 4979 1037 5038 οὗτε
1084 4981 1308 5035 πώποτε
1357 4979 1599 5062 γέγονεν,
1652 4972 1776 5030 οὔτε
1822 4976 1966 5050 τάχα
1994 4995 2077 5037 τις

427 5077 647 5145 ποιήσει
678 5072 812 5129 ποτε
841 5076 1112 5142 τοιοῦτον,
1147 5069 1192 5123 εἷ
1229 5068 1304 5141 μὴ
1341 5066 1443 5142 ἄρα
1469 5068 1497 5121 ὁ
1529 5066 1643 5126 υἱὸς
1674 5070 1774 5133 τῆς
1825 5063 2074 5135 ἀνομίας,

427 5166 479 5219 οἱ
518 5162 911 5238 Χριστομάχοι
973 5156 1301 5214 δεικνύουσιν
1364 5158 1508 5229 (84),
1562 5154 2076 5229 ἀναζωγραφοῦντες

427 5252 481 5309 ἒν
529 5251 712 5313 αὐτοῖς
768 5246 901 5319 ἤδη.
962 5248 1055 5303 Διὸ
1109 5246 1199 5301 καὶ
1262 5241 1497 5319 μάλιστα
1552 5243 2068 5318 προσήκεινήωειν,

495 5413 543 5449 ⁸ο
574 5417 716 5468 Dan.
747 5390 948 5467 1x.i27.

492 5630 607 5701 (82)
661 5630 756 5687 Sic
808 5630 947 5703 Reg.
1003 5633 1062 5685 et
1118 5628 1292 5685 Basil.
1352 5625 1506 5682 Editi
1566 5620 1885 5678 ἀπολεῖσθαι
1947 5643 2071 5699 per-

423 5718 772 5845 Ρϐἶὲἑῖῥμω
802 5773 1334 5845 sequunturgpost
1367 5764 1693 5845 Οὐάλεντος,
1756 5784 1946 5839 usque
1995 5772 2068 5827 ad

420 5839 1100 5939 mplPoﬂevtafsesunt
1126 5839 1201 5903 in'
1246 5842 1419 5902 editis
1478 5840 1798 5915 prioribus,
1830 5846 2072 5916 eratque

2190 4818 2384 4857 nonne
2406 4802 2597 4873 potius
2614 4801 3107 4873 persecutionem?
3130 4806 3336 4857 Annon
3370 4804 3837 4875 persecutionem

2192 4890 2387 4963 qualis
2419 4908 2723 4963 nunquam
2756 4890 2997 4957 exstitit,
3030 4896 3085 4946 et
3114 4892 3359 4947 fortasse
3391 4892 3623 4964 qualem
3664 4910 3836 4949 nemo

2190 4996 2449 5051 unquam
2474 4981 2831 5035 excitaturus
2844 4980 3072 5045 est,uisi
3095 4980 3836 5053 ﬁliusiniquitatis,Christi

2192 5073 2625 5140 Oppugnatores
2658 5068 3016 5132 exhibent,in
3041 5068 3282 5141 suisque
3305 5070 3450 5125 actis
3471 5070 3835 5143 exprimunt?

2186 5157 2549 5229 QuaprOpter
2579 5157 2749 5213 nobis
2781 5174 3152 5229 summopere
3202 5158 3563 5229 vigilandum
3620 5164 3730 5231 est,
3763 5179 3835 5219 ne

2186 5245 2425 5301 heresis
2456 5246 2655 5301 isthzec
2688 5262 2817 5318 quae
2847 5249 3011 5301 tanta
3038 5249 3128 5302 est
3156 5245 3539 5319 impudentia,
3573 5265 3701 5321 qua
3723 5250 3835 5307 vel—

2181 5642 2422 5705 prorsus
2454 5623 2668 5679 mutila
2688 5624 2977 5679 sententia
3009 5642 3020 5689 ;
3056 5640 3232 5695 quam
3292 5640 3359 5681 ex
3390 5624 3529 5697 Reg.
3564 5625 3621 5678 et
3650 5619 3829 5678 Basil.

2186 5699 2580 5757 restituimus.

2254 5770 2367 5852 (ῆᾲ)
2398 5769 2495 5824 Sic
2527 5764 2746 5852 Regius
2779 5765 2977 5852 qodex,
3009 5765 3161 5852 Edit.
3220 5767 3445 5824 Comm.
3507 5761 3828 5823 δεὶκνουσιν.

2182 5834 2492 5913 Basilicus,
2525 5843 2582 5898 et
2609 5834 2748 5896 édit.
2782 5834 2971 5897 Paris.
3009 5834 3295 5914 δείκνυσιν,
