4132 6374
338 425 463 512 787

885 422 949 490 S.
994 424 1418 492 ATHANASII
1463 425 1638 492 OPP.
1682 425 1889 492 PARS
1933 424 1984 491 Ῑ.
2017 461 2096 475 -
2124 424 2550 492 HISTORICA
2594 423 2694 489 ET
2736 420 3224 490 DOGMATICA.

3651 421 3766 489 :88

341 564 429 621 uti
460 567 696 621 cerastm
723 562 885 621 virus
909 562 1277 620 diffunditur.
1311 567 1376 620 ut
1404 562 1464 620 in
1495 562 1822 620 Proverbiis
1848 562 1983 619 scri-

2110 565 2308 636 μήπως
2340 563 2374 630 ἠ
2409 557 2613 635 αἵρεσις
2645 558 2804 630 αὕτη,
2834 556 3054 629 πολλὴν
3102 558 3483 637 ἀναισχυντίαν
3533 552 3761 638 ἔχουσα,

342 656 508 726 ptum
542 653 854 721 habetur“,
885 670 1130 726 quaeque
1179 654 1528 710 sententiam
1561 654 1730 709 docet
1761 652 1990 708 Christo

341 743 770 808 adversantem,
803 759 871 798 ea
899 741 1029 812 ipsa
1058 741 1135 797 sit
1164 743 1484 814 apostasia,
1514 745 1644 814 post
1674 757 1852 808 quam
1873 739 1988 811 ille,

345 831 569 887 scilicet
612 831 1032 901 Antichristus,
1094 831 1466 898 revelabitur,
1526 831 1829 903 premisso
1887 847 1992 886 suo

341 936 700 993 praecursore
730 920 1091 977 Constantio.
1128 920 1362 992 Alioqui
1393 937 1498 975 cur
1529 921 1610 976 ita
1631 925 1833 975 contra
1864 919 1990 991 pios

339 1009 495 1064 viros
526 1008 666 1063 furit
693 1009 720 1062 ‘?
752 1025 930 1081 quare
963 1009 1131 1081 quasi
1190 1027 1292 1081 pro
1326 1027 1433 1064 sua
1471 1009 1678 1065 hzeresi
1711 1010 1986 1078 decertat,

280 1115 282 1120 ·
339 1113 593 1170 eumque
614 1114 788 1152 suum
816 1098 959 1153 dicit
989 1097 1295 1152 inimicum
1323 1098 1422 1169 qui
1455 1098 1575 1153 Aril
1612 1098 1850 1152 insaniae
1874 1113 1989 1151 non

338 1188 917 1259 obtemperat.0uare
948 1204 1074 1258 quae
1102 1204 1135 1241 a
1162 1187 1377 1243 Christi
1413 1187 1682 1242 hostibus
1712 1187 1992 1242 dicuntur

335 1275 724 1333 libentissime
755 1276 1037 1345 admittit,
1068 1275 1333 1348 talesque
1366 1293 1431 1331 ac
1463 1281 1654 1332 tantas
1686 1275 1993 1346 vilipendit

338 1366 802 1438 synodos?quare
824 1366 1011 1436 jussit
1039 1364 1320 1421 ecclesias
1352 1367 1500 1422 tradi
1534 1365 1989 1421 Arianis.nonne

335 1460 402 1512 ut
430 1454 528 1510 ille
555 1471 685 1511 cum
716 1455 956 1520 venerit,
976 1453 1312 1510 facultatem
1345 1455 1558 1510 habeat
1579 1455 1636 1509 in
1670 1453 1802 1510 illas
1835 1456 1986 1510 309

334 1543 666 1600 introeundi
701 1561 714 1599 :
750 1544 1230 1615 amplexeturque
1287 1544 1697 1600 Constantium
1755 1545 1858 1616 qui
1889 1543 1989 1600 illa

335 1632 447 1690 sibi
479 1634 607 1689 loca
636 1633 981 1705 praeparavit
1009 1633 1036 1687 ?
1059 1633 1101 1687 li
1135 1649 1392 1704 namque
1435 1633 1533 1706 qui
1563 1635 1635 1689 ab
1664 1632 1988 1689 Alexandro

333 1726 394 1778 et
421 1723 726 1778 decessore
756 1725 804 1793 ej
818 1740 886 1778 us
916 1721 1164 1793 Achilla,
1198 1723 1316 1778 imo
1347 1723 1526 1794 hujus
1557 1723 1860 1779 decessore
1892 1723 1989 1778 Pe-

335 1815 426 1867 tro
457 1811 710 1867 ordinati
742 1811 991 1879 fuerant,
1024 1828 1194 1867 senes
1226 1811 1487 1884 episcopi
1519 1811 1674 1884 pulsi
1706 1817 1864 1879 sunt,
1894 1812 1987 1867 in-

336 1900 606 1973 trusique
635 1900 674 1956 ii
704 1917 850 1971 quos
881 1899 1220 1956 indicabant
1255 1901 1355 1974 qui
1405 1900 1622 1956 milites
1655 1902 1983 1974 sequeban-

333 1991 434 2044 tur
466 2007 478 2044 :
515 1989 852 2046 indloarunt
881 1994 1078 2047 autem
1109 1988 1242 2046 illos
1299 1990 1399 2062 qui
1433 2007 1550 2046 sua:
1597 1990 1719 2047 fore
1749 1995 1988 2047 senten-

333 2076 429 2134 tias
452 2077 883 2150 pollicerentur.

404 2258 494 2312 78.
529 2255 831 2312 Facillima
860 2273 952 2313 res
982 2260 1106 2312 erat
1161 2256 1484 2314 Meletianis
1517 2301 1530 2326 ,
1567 2274 1820 2330 quorum
1865 2256 1990 2330 plu-

333 2345 491 2417 rimi,
524 2345 642 2402 imo
664 2363 891 2412 omnes,
925 2362 1295 2418 nequaquam
1319 2346 1591 2418 religiosa
1619 2346 1988 2403 institutione

333 2435 563 2492 educati
593 2439 750 2503 sunt,
784 2451 974 2506 neque
1005 2451 1212 2491 sanam
1263 2441 1481 2492 norunt
1517 2453 1655 2510 erga
1685 2436 1985 2493 Christum

334 2524 533 2590 ﬁdem,
566 2540 670 2580 nec
700 2524 842 2596 quid
873 2523 951 2579 sit
981 2523 1490 2597 Christianismus,
1523 2529 1628 2581 aut
1657 2542 1783 2598 quae
1815 2526 1986 2582 nobis

333 2613 682 2669 Christianis
704 2613 823 2668 sint
853 2613 1186 2684 Scriptura.
1229 2613 1376 2668 Nam
1407 2614 1648 2686 quidam
1679 2631 1990 2682 e0rum,ex

333 2700 534 2767 idolis,
566 2700 666 2758 alli
699 2718 766 2756 ex
797 2705 1008 2757 senatu
1038 2705 1096 2757 et
1125 2718 1193 2757 ex
1224 2704 1517 2774 supremis
1541 2703 1986 2776 magistratibus

335 2791 408 2846 ad
443 2808 548 2847 nos
578 2807 895 2846 accessere.
940 2791 1118 2862 idque
1148 2794 1211 2846 ut
1241 2791 1519 2848 miseram
1550 2791 1986 2848 immunitatem

334 2884 392 2935 et
420 2878 812 2952 patrocinium
845 2883 1316 2951 assequerentur:
1352 2898 1418 2936 ac
1463 2881 1894 2953 antiquioribus
1926 2899 1987 2937 se

335 2967 664 3024 Meletianis
695 2968 942 3040 pecunia
980 2968 1292 3041 corruptis.
1354 2971 1424 3025 ad
1487 2987 1617 3025 eam
1677 2986 1986 3042 pervenere

334 3055 684 3129 dignitatem
753 3055 916 3128 prius
972 3073 1149 3128 quam
1206 3057 1657 3114 instituerentur
1687 3058 1797 3131 (85)
1832 3075 1844 3111 :
1882 3058 1983 3113 sed

333 3145 567 3202 etiamsi
599 3144 857 3201 instituti
909 3149 1125 3213 essent,
1163 3145 1375 3218 qualis,
1438 3163 1655 3219 quaeso,
1719 3147 1986 3202 doctrina

333 3236 488 3308 apud
522 3234 899 3292 Meletianos?
925 3239 1181 3292 attamen
1214 3253 1285 3292 ne
1318 3240 1510 3308 specie
1541 3237 1783 3308 quidem
1815 3236 1985 3292 insti-

2100 653 2189 707 καὶ
2221 649 2587 728 διαχυνομένη
2625 651 2700 712 ὡς
2733 649 2813 712 ἰὸς
2844 650 3130 726 κεράστου,
3161 651 3342 713 καθὼς
3373 648 3425 706 ἐν
3455 656 3575 713 ταῖς
3617 657 3764 725 Παρ-

2101 741 2311 814 οιμίαις
2372 741 2696 816 γέγραπται,
2753 736 3081 794 διδάσκουσά
3130 761 3190 794 τε
3239 741 3376 795 κατά
3425 744 3522 794 τοῦ
3569 746 3761 810 Σωτῆ-

2101 851 2194 908 ρος
2227 835 2465 908 φρονεῖν,
2499 829 2633 898 αὕτη
2669 827 2727 883 ἃν
2763 826 2846 897 εἷή
2873 830 2908 898 ἡ
2947 827 3246 884 ἀποστασία
3298 830 3412 902 μεθ’
3443 829 3510 899 ἥν
3557 828 3762 892 ἐκεῖνος

2102 917 2636 997 ἀποκαλυφθήσεται,
2669 919 2886 980 παντως
2937 915 3080 994 ἔχων
3132 919 3225 972 τὸν
3272 915 3588 995 πρόδρομον
3641 920 3761 974 ἑαυ-

2098 1013 2193 1062 τοῦ
2225 1009 2617 1064 Κωνστάντιον.
2667 1007 2814 1063 Ἐπεὶ
2866 1005 2956 1061 διὰ
3002 1006 3055 1061 τί
3109 1005 3282 1069 οὕτως
3335 1008 3580 1081 μαίνεται
3626 1009 3764 1064 κατά

2098 1103 2206 1152 τῶν
2241 1093 2473 1152 εὐσεϐῶν
2511 1117 2523 1166 ;
2557 1094 2646 1152 διὰ
2674 1097 2726 1151 τί
2767 1097 2842 1158 ὡς
2896 1097 3028 1170 ὑπὲρ
3083 1095 3224 1158 ἰδίας
3271 1094 3528 1172 αἱρέσεώς
3561 1098 3762 1174 ἀγωνί-

2101 1192 2242 1255 ζεται
2273 1207 2296 1253 ;
2321 1188 2412 1241 καὶ
2445 1186 2640 1262 ἐχθρὸν
2679 1186 2772 1260 μὲν
2808 1183 2945 1240 ξ’διον
2981 1185 3132 1261 λέγει
3164 1186 3255 1240 τὸν
3312 1187 3387 1260 μὴ
3439 1187 3759 1261 πειθόμενον

2097 1281 2164 1350 τῇ
2201 1276 2416 1352 Ἀρείου
2453 1275 2636 1350 μανίᾳ,
2661 1277 2728 1330 τὰ
2778 1272 2835 1330 δὲ
2883 1277 3029 1351 παρὰ
3075 1280 3184 1330 τῶν
3231 1277 3634 1353 Χριστομάχων
3667 1275 3758 1334 λε-

2098 1365 2307 1440 γόμενα
2333 1364 2684 1438 καταθυμίως
2717 1362 2955 1441 δέχεται,
2987 1366 3078 1419 καὶ
3130 1363 3386 1428 τοιαύτας
3432 1366 3524 1420 καὶ
3562 1366 3757 1422 τοσαύ-

2096 1475 2194 1516 τας
2242 1452 2502 1516 συνόδους
2554 1454 2805 1526 ἀτιμάζει
2837 1473 2851 1523 ;
2887 1451 2976 1508 διὰ
3023 1452 3078 1508 τί
3126 1455 3242 1527 (86)
3290 1459 3410 1515 τοῖς
3459 1455 3760 1529 ’Δρειανοῖς

2100 1539 2346 1598 ἐκέλευσε
2420 1544 2516 1605 τάς
2591 1540 2887 1611 ἐκκλησίας
2953 1540 3347 1619 παραδίδοσθαι
3419 1561 3434 1612 ;
3493 1542 3601 1621 οὐχ
3667 1542 3762 1600 ἳνα

2099 1629 2303 1694 ἐκεῖνος
2335 1631 2506 1686 ἐλθὼν
2541 1631 2694 1708 εὕρῃ,
2727 1637 2848 1694 πῶς
2881 1631 2961 1694 είς
3007 1631 3170 1694 αὐτὰς
3219 1630 3453 1707 εἰσέλθῃ,
3484 1632 3576 1688 καὶ
3624 1634 3762 1689 ἀπο-

2098 1718 2312 1792 δέξηται
2371 1725 2563 1776 τοῦτον
2625 1721 2990 1795 έτοιμάσαντα
3041 1720 3170 1783 τοὺς
3220 1719 3428 1785 τόπους
3473 1722 3662 1795 αὐτῷ,
3694 1724 3762 1778 Οἱ

2101 1811 2194 1884 μὲν
2228 1811 2331 1888 γὰρ
2357 1811 2461 1865 ἀπὸ
2493 1807 2872 1887 Ἀλεξάνδρου,
2908 1811 2999 1866 καὶ
3037 1815 3134 1865 τοῦ
3163 1811 3271 1886 πρὸ
3293 1810 3457 1866 αὐτοῦ
3491 1809 3758 1888 ’Δχιλλᾶ,

2095 1900 2185 1954 καὶ
2215 1897 2379 1954 πάλιν
2410 1904 2508 1954 τοῦ
2558 1900 2664 1974 πρὸ
2714 1899 2909 1955 τούτου
2954 1901 3185 1974 Πέτρου,
3237 1901 3489 1976 γέροντες
3538 1899 3756 1956 ἐπίσκο-

2095 2009 2189 2043 ποι
2223 1983 2600 2059 ἐξεϐάλλοντο’
2637 1987 2833 2044 ἐκεῖνοι
2866 1986 2923 2044 δὲ
2972 1988 3280 2065 εἰσήγοντο,
3313 1989 3407 2052 οὓς
3460 1989 3519 2044 ἂν
3566 1985 3755 2066 ἔλεγον

2098 2079 2151 2132 οἱ
2190 2075 2614 2140 ἀκολουθοῦντες
2645 2083 2762 2140 τοῖς
2795 2078 3152 2154 στρατιώταις
3182 2097 3194 2112 ⁸
3221 2073 3411 2153 ἔλεγον
3446 2075 3504 2134 δὲ
3531 2079 3659 2143 τοὺς
3688 2081 3758 2136 τὰ

2096 2166 2271 2222 αὐτῶν
2306 2173 2518 2246 φρονεῖν
2554 2164 3096 2243 ἐπαγγελλομένους.

2165 2260 2256 2315 78.
2289 2253 2532 2312 Εὕκολον
2570 2255 2628 2312 δὲ
2656 2261 2820 2312 τοῦτο
2847 2254 3198 2320 Μελιτιανοῖς
3233 2258 3300 2327 ἦν
3332 2258 3394 2312 τὸ
3424 2253 3754 2333 πρόϐλημα·

2096 2347 2149 2400 οἱ
2189 2348 2292 2422 γὰρ
2325 2344 2596 2418 πλεῖστοι,
2633 2343 2846 2419 μᾶλλον
2881 2343 2938 2401 δὲ
2969 2347 3020 2400 οἱ
3050 2347 3267 2417 πάντες,
3299 2346 3400 2402 οὐκ
3429 2348 3534 2402 ἀπὸ
3573 2349 3754 2404 θεοσε-

2096 2431 2224 2497 ϐοῦς
2259 2435 2485 2510 ἀγωγῆς
2517 2435 2674 2504 εἰσιν,
2707 2433 2833 2490 οὐδὲ
2879 2436 3208 2511 γινώσκουσι
3263 2437 3363 2506 τὴν
3413 2435 3491 2499 εἷς
3523 2437 3752 2513 Χριστὸν

2097 2524 2440 2600 ὑγιαίνουσαν
2494 2523 2715 2598 πίστιν,
2775 2521 2890 2579 οὐδ’
2948 2522 3096 2587 ὅλως
3151 2524 3205 2579 τί
3265 2523 3378 2580 ἐστι
3605 2531 3750 2602 Χρι-

2095 2613 2431 2686 στιανισμὸς,
2458 2612 2493 2682 ἢ
2520 2613 2682 2675 ποίας
2715 2607 2916 2689 ἔχομεν
2967 2614 3133 2686 ἡμεῖς
3180 2615 3234 2668 οἱ
3270 2615 3583 2691 Χριστιανοὶ
3614 2620 3752 2691 Γρα-

2095 2702 2220 2779 φάς.
2251 2703 2314 2755 Οἱ
2350 2702 2442 2774 μὶν
2476 2703 2580 2777 γὰρ
2632 2701 2807 2757 αὐτῶν
2867 2701 2919 2773 ἐξ
2971 2699 3217 2758 εἰδώλων
3273 2700 3544 2776 ἐλθόντες,
3595 2705 3648 2758 οἱ
3693 2702 3754 2760 δὲ

2096 2789 2154 2844 ἐκ
2181 2793 2278 2844 τοῦ
2313 2787 2713 2866 βουλευτηρίου
2771 2791 2860 2845 καὶ
2907 2796 3008 2860 τῆς
3058 2791 3287 2866 πρώτης
3333 2788 3619 2855 πολιτείας
3663 2789 3756 2848 διά

2092 2880 2193 2948 τήν
2224 2876 2573 2955 ταλαίπωρον
2608 2877 3066 2956 ἀλειτάυργησίαν
3097 2881 3188 2934 καὶ
3219 2880 3548 2957 προστασίαν
3585 2900 3598 2914 ⁶
3632 2881 3753 2937 πεί-

2095 2968 2281 3030 σαντές
2311 2987 2370 3022 τε
2397 2969 2652 3044 χρήμασι
2679 2967 2806 3030 τούς
2857 2968 2963 3044 πρὸ
3012 2967 3188 3024 αὐτῶν
3236 2967 3618 3036 Μελιτιανοὺς,
3675 2969 3754 3033 είς

2091 3060 2253 3110 τοῦτο
2283 3055 2589 3131 παρῆλθον,
2648 3057 2738 3111 καὶ
2786 3056 2914 3134 πρὶν
2962 3058 3380 3133 κατηχηθῶσιν.
3430 3058 3494 3113 Ei
3545 3055 3605 3114 δὲ
3660 3058 3754 3114 καὶ

2094 3140 2298 3216 ἔδοξαν,
2331 3145 2462 3199 ποία
2491 3147 2801 3222 κατήχησις
2830 3147 2978 3224 παρά
3006 3144 3357 3209 Μελιτιανοῖς
3389 3145 3529 3202 ἐστιν
3556 3165 3571 3218 ;
3595 3146 3751 3221 ὅμως

2093 3230 2219 3288 οὐδὲ
2273 3231 2518 3304 δόξαντες
2575 3236 2954 3310 κατήχεῖσθαι,
3014 3232 3184 3305 ἧλθον
3245 3236 3378 3309 ἅμα·
3428 3237 3520 3291 καὶ
3567 3236 3749 3308 εὐθὺς,

332 3325 466 3392 tuti,
499 3325 811 3397 derepente
868 3329 1240 3381 accesserunt
1273 3351 1287 3384 :
1320 3342 1386 3380 ac
1434 3326 1639 3382 statim
1724 3330 1980 3398 accepto,

2095 3320 2276 3399 ὥσπερ
2299 3319 2492 3396 παῖδερ
2523 3317 2700 3396 ὄνομα
2746 3317 3029 3392 λαϐόντες,
3075 3322 3383 3395 ἐκλήθησαν
3435 3324 3748 3384 ἐπίσκοποι.

331 3413 502 3494 quasi
541 3413 822 3482 infantes,
852 3413 1108 3481 nomine,
1168 3414 1426 3486 episcopi
1484 3413 1756 3486 appellati
1818 3419 1976 3471 sunt.

330 3503 588 3575 Ideoque
606 3502 901 3574 ejusmodi
925 3518 1059 3557 cum
1081 3501 1350 3559 sint.rem
1381 3502 1545 3558 illam
1568 3502 1738 3558 nihili
1771 3503 1978 3573 fecere,

327 3605 520 3661 neque
551 3593 837 3662 putarunt
867 3588 1143 3661 pietatem
1175 3590 1246 3645 ab
1293 3590 1594 3662 impietate
1626 3591 1976 3664 discrepare.

327 3678 602 3734 Libenter
630 3677 812 3751 igitur
859 3678 1250 3751 protinusque
1297 3697 1366 3735 ex
1414 3680 1739 3737 Meletianis
1779 3681 1978 3738 Ariani

325 3767 512 3824 effecti
545 3769 874 3832 sunt.Quod
903 3768 951 3824 si
985 3768 1288 3841 quidpiam
1320 3769 1480 3826 aliud
1515 3771 1764 3842 jusserit
1792 3772 1978 3844 impe-

327 3860 503 3924 rator,
537 3857 597 3912 in
638 3856 782 3914 illud
817 3873 944 3913 sese
1002 3861 1224 3914 vertere
1282 3862 1422 3914 sunt
1474 3859 1680 3931 parati,
1743 3860 1979 3916 Pietatis

326 3945 542 4018 quippe
572 3945 902 4019 ignorantia
933 3962 1112 4018 quam
1144 3945 1427 4002 citissime
1457 3947 1588 4003 illos
1635 3949 1705 4004 ad
1733 3965 1976 4005 consue-

324 4038 447 4089 tam
497 4038 554 4089 et
612 4033 888 4106 priorem,
948 4051 1127 4106 quam
1185 4036 1370 4091 edocti
1427 4036 1606 4103 fuere,
1668 4037 1978 4094 stultitiam

326 4122 585 4193 conjicit.
619 4123 785 4178 Enim
820 4140 952 4179 vero
982 4141 1085 4196 pro
1119 4123 1302 4180 nihilo
1333 4129 1422 4181 est
1468 4125 1586 4181 illis
1617 4128 1776 4183 omni
1808 4133 1978 4184 vento

323 4215 383 4267 et
413 4211 594 4267 ﬂuctu
625 4211 1009 4283 circumferri,
1041 4213 1182 4268 dum
1236 4213 1533 4270 immunes
1589 4215 1708 4271 sint
1759 4219 1817 4272 et
1865 4215 1976 4272 hu-

327 4316 504 4357 mano
537 4301 810 4357 fruantur
840 4301 1164 4373 patrocinio
1199 4319 1213 4369 ;
1246 4319 1350 4375 pro
1374 4303 1556 4360 nihilo
1587 4303 1704 4360 illis
1736 4310 1824 4362 est
1855 4321 1978 4362 sese

323 4389 660 4459 immutare,
693 4390 955 4462 talesque
1014 4391 1139 4447 ﬁeri
1192 4391 1394 4464 quales
1451 4398 1588 4450 ante
1639 4400 1828 4462 erant,
1859 4394 1978 4451 imo

325 4477 533 4550 quales
564 4483 731 4534 erant
760 4479 901 4534 dum
942 4479 1161 4536 ethnici
1213 4485 1428 4537 essent.
1462 4482 1558 4536 Nae
1614 4481 1700 4536 illi
1733 4499 1866 4538 cum
1899 4483 1980 4538 ita

322 4567 588 4624 moribus
617 4569 920 4624 versatiles
972 4574 1170 4626 essent
1227 4570 1338 4625 rati
1399 4570 1717 4628 Ecclesiam
1749 4571 1976 4627 civilem

324 4673 456 4714 esse
486 4662 779 4725 senatum;
812 4673 1067 4730 cumque
1093 4658 1319 4713 cultum
1359 4659 1650 4716 idolorum
1681 4665 1972 4731 saperent,
2006 4682 2052 4747 Β

329 4750 532 4818 utpote
562 4745 804 4811 ethnici,
839 4750 1121 4819 usurpato
1153 4751 1350 4803 tamen
1400 4748 1678 4820 praeclaro
1721 4749 1974 4806 Salvato-

321 4835 404 4891 ris
438 4834 888 4902 nomine,totam
919 4836 1469 4892 contaminaverunt
1509 4837 1844 4911 IEgyptum,
1877 4840 1976 4895 ubi

322 4923 602 4982 Arianam
636 4923 905 4981 haeresim
935 4924 1024 4980 vel
1058 4925 1349 4980 nominari
1406 4926 1465 4981 in
1517 4925 1616 4982 illa
1675 4929 1974 4985 curaruni.

321 5017 617 5069 Hactenus
643 5013 802 5069 enim
835 5013 894 5068 in
927 5013 1052 5069 sola
1100 5018 1346 5086 Egypto
1406 5015 1592 5070 libera
1622 5017 1838 5088 ubique
1869 5018 1980 5074 fuit

321 5119 480 5158 sanaa
514 5101 647 5159 ﬁdei
680 5102 964 5175 professio
999 5120 1012 5170 ;
1049 5109 1406 5175 quapropter
1437 5104 1717 5162 invidiam
1749 5106 1799 5161 ei
1833 5123 1976 5179 quo-

319 5207 434 5264 que
468 5191 722 5248 conflare
749 5191 916 5263 impii
943 5191 1027 5246 illi
1075 5192 1270 5247 conati
1302 5200 1442 5248 sunt
1480 5211 1493 5261 ;
1527 5192 1645 5250 imo
1689 5199 1752 5250 ut
1781 5195 1978 5253 verius

319 5280 550 5338 dicatur
589 5298 705 5336 non
764 5280 872 5346 illi,
919 5281 1020 5337 sed
1077 5281 1178 5354 qui
1236 5297 1334 5337 eos
1390 5282 1716 5339 concitarat
1771 5284 1978 5341 diabo-

320 5371 416 5427 lus
449 5387 462 5437 ;
493 5373 561 5426 ut
588 5386 726 5427 eum
757 5369 982 5425 venerit
1011 5370 1140 5441 ejus
1198 5387 1382 5441 praeco
1431 5371 1856 5442 Antichristus,
1889 5374 1979 5430 in-

392 5495 434 5530 “
465 5499 633 5551 Prov.
666 5512 830 5565 χχιιι,
865 5495 955 5549 32.

418 5689 510 5762 88)
540 5689 631 5762 Sic
661 5689 802 5762 Beg,
837 5689 1148 5762 unaivpce,
1184 5691 1334 5748 Editi
1366 5709 1493 5750 vero
1525 5689 1614 5746 διά
1641 5691 1716 5750 τί.

421 5618 510 5690 82)
546 5619 607 5690 Id
638 5622 750 5685 est,
782 5619 1129 5690 priusquam
1161 5619 1566 5690 catechumeni
1598 5625 1815 5678 essent.

421 5618 490 5672 82
546 5619 607 5673 ld
638 5622 750 5685 est,
782 5619 1129 5690 priusquam
1161 5621 1258 5674 cat

418 5689 487 5742 86
540 5689 631 5744 Sic
661 5695 802 5762 Reg,
837 5707 956 5746 una
987 5706 1148 5761 vpce.
1184 5691 1258 5747 Ed

397 5618 517 5835 ίϐἹῖ
550 5761 635 5818 Ita
661 5761 802 5834 Reg.
837 5761 990 5818 Editi
1018 5759 1102 5822 τίς
1128 5759 1258 5818 ἐστι.

2090 3412 2190 3467 Καὶ
2240 3409 2268 3466 δ
2306 3413 2319 3430 ‘
2439 3416 2465 3426 ”
2738 3416 2765 3427 ””
2918 3408 2944 3431 ”
3183 3411 3259 3468 ’8‘

2276 3433 2329 3466 ια
2374 3431 2556 3482 τουτο,
2615 3433 2858 3467 τοιουτοι
2914 3433 3087 3483 οντες,
3142 3434 3204 3468 ου
3244 3435 3297 3469 εν
3357 3416 3640 3490 ἡγήσαντο
3685 3417 3750 3472 τὸ

2088 3506 2337 3576 πρᾶγμα,
2372 3499 2497 3556 οὐθὲ
2529 3498 2800 3580 διαφέρειν
2848 3496 3117 3558 εὐσέϐειαν
3167 3497 3415 3567 ἀσεϐείας
3469 3503 3744 3578 ἐνόμισαν.

2089 3590 2394 3665 Προθύμως
2425 3594 2556 3665 γοῦν
2587 3591 2678 3646 καὶ
2713 3591 2931 3667 ταχέως
2978 3589 3039 3646 ἐκ
3081 3582 3424 3648 Μελιτιανῶν
3476 3594 3749 3666 ’Δρειανοὶ

2089 3680 2394 3756 γεγόνασιν.
2429 3686 2524 3737 “Av
2561 3678 2620 3736 δὲ
2665 3679 2755 3735 καὶ
2804 3677 2987 3756 ἕτερόν
3037 3702 3093 3736 τι
3139 3682 3422 3756 προστάξῃ
3466 3680 3746 3758 βασιλεὺς,

2086 3769 2178 3825 καὶ
2211 3770 2286 3832 είς
2310 3774 2472 3825 τοῦτο
2521 3768 2685 3825 πάλιν
2737 3769 2871 3824 εἰσὶν
2921 3767 3138 3844 ἕτοιμοι
3196 3765 3650 3844 μεταϐάλλεσθαι.
3687 3777 3748 3826 Ἦ

2087 3861 2191 3935 γὰρ
2212 3867 2312 3929 τῆς
2328 3854 2599 3923 εὐσεϐείας
2622 3857 2816 3935 ἄγνοια
2834 3861 3051 3936 ταχέως
3077 3859 3164 3915 ἐπὶ
3180 3861 3279 3930 τὴν
3309 3863 3515 3932 συνήθη
3541 3860 3746 3930 καὶτήν

2095 3949 2146 4020 ἐξ
2178 3951 2378 4025 ἀρχῆς,
2411 3949 2476 4018 ἢν
2511 3950 2884 4022 μεμαθήκασιν
2918 3951 3052 4023 (88),
3104 3947 3413 4026 ἀφροσύνην
3458 3951 3747 4028 καταφέρει

2088 4037 2338 4100 τούτους.
2389 4037 2492 4095 Καὶ
2547 4039 2650 4114 γὰρ
2709 4035 2864 4093 οὐδὲν
2910 4036 3052 4092 ἐστιν
3101 4037 3288 4101 αὐτοῖς
3341 4039 3528 4114 ἀνέμῳ
3587 4041 3747 4095 παντὶ

2091 4127 2182 4182 καὶ
2211 4125 2454 4182 κλύδωνι
2483 4127 2883 4204 περιφέρεσθαι,
2922 4124 3030 4190 ἕως
3061 4125 3223 4200 μόνον
3276 4127 3406 4183 εἰσὶν
3461 4126 3747 4204 ἀλειτουρ-

2093 4237 2277 4292 γητοι,
2307 4216 2396 4270 καὶ
2443 4217 2769 4290 προστασίαν
2802 4215 3144 4292 ἀνθρωπίνην
3187 4215 3376 4293 ἔγουσι
3557 4237 3570 4250 ⁸
3601 4219 3749 4295 τάχα

2088 4303 2147 4360 δὲ
2197 4301 2323 4360 οὐδὲ
2375 4299 2828 4378 μεταϐάλλεσθαι,
2877 4307 2983 4360 οἷοι
3032 4305 3122 4360 καὶ
3180 4306 3286 4382 πρὸ
3342 4304 3540 4362 τοὺτου
3586 4309 3745 4381 ἦσαν,

2085 4393 2316 4449 καὶοῖοι
2363 4393 2497 4463 ἦσαν
2549 4392 2638 4448 ὅτε
2667 4391 2832 4449 πάλιν
2881 4392 3155 4464 Ἕλληνες
3210 4393 3533 4472 ἐτύγχανονζ
3585 4397 3749 4470 Ἀμέ-

2087 4479 2198 4552 λει,
2227 4485 2465 4536 τοιοῦτοι
2496 4482 2587 4537 τὸν
2619 4481 2820 4557 τρόπον
2855 4478 3004 4546 ὅντες
3037 4480 3376 4553 εὐκολοι,καὶ
3423 4484 3747 4558 νομίζοντες

2085 4568 2366 4625 πολιτείαν
2408 4568 2615 4646 βουλῆς
2668 4571 2804 4626 εἶναι
2849 4574 2949 4642 τὴν
3002 4570 3355 4644 Ἐκκλησίαν,
3403 4574 3594 4629 καὶτὰ
3635 4578 3746 4630 τῶν

2085 4657 2330 4715 εἰδώλων
2380 4665 2724 4738 φρονοῦντες,
2778 4661 2960 4738 ὡσπερ
3014 4657 3161 4734 ἔθνη,
3213 4661 3548 4726 εἰσελθόντες
3581 4662 3658 4726 εἷς
3685 4663 3750 4719 τὸ

2085 4746 2252 4804 καλὸν
2282 4744 2456 4822 ὄνομα
2483 4754 2579 4803 τοῦ
2614 4755 2902 4826 Σωτῆρος,
2933 4749 3162 4824 ἐμίαναν
3193 4751 3294 4820 τὴν
3330 4748 3610 4827 Αἴγυπτον
3642 4756 3747 4807 πᾶ-

2087 4859 2202 4893 σανο
2235 4839 2561 4909 ποιήσαντες
2599 4837 2697 4893 κάν
2752 4837 2900 4902 ὃλως
2961 4839 3334 4914 ὀνομασθῆναι
3381 4843 3482 4910 τὴν
3536 4842 3751 4915 Ἀρεια-

2085 4929 2182 4997 νην
2245 4925 2448 5004 αἵρεσιν
2507 4927 2560 4983 ἐν
2616 4927 2773 5002 αὐτῇ.
2826 4929 2943 4984 Ἔτι
2993 4930 3098 5005 γάρ
3151 4927 3204 4984 ἐν
3256 4926 3559 5006 ὁλοκλήρῳ
3609 4929 3751 5006 μόνῃ

2084 5021 2154 5092 τῇ
2208 5015 2468 5092 Αἰγύπτῳ
2525 5015 2804 5094 παῤῥησία
2850 5023 2954 5088 τῆς
3007 5016 3324 5095 ὀρθοδοξίας
3370 5019 3439 5089 ἦν
3474 5038 3487 5052 ’
3520 5018 3612 5075 καὶ
3661 5017 3752 5076 διὰ

2084 5109 2229 5162 τοῦτ’
2285 5104 2616 5162 ἐσπούδασαν
2677 5105 2766 5162 καὶ
2836 5105 3004 5182 ταύτῃ
3070 5107 3263 5186 φθόνον
3340 5107 3632 5184 ἐπαγαγεῖν
3690 5108 3752 5164 οἱ

2088 5189 2386 5264 δυσσεϐεῖς,
2425 5193 2638 5269 μᾶλλον
2691 5193 2749 5251 δὲ
2796 5194 2896 5251 οὐκ
2942 5194 3120 5270 αὐτοὶ,
3167 5194 3295 5251 ἀλλ’
3326 5198 3355 5253 ὁ
3397 5199 3626 5269 κινήσας
3657 5196 3750 5252 αό-

2084 5283 2214 5347 τοὺς
2245 5279 2504 5346 διάϐολος
2540 5304 2552 5318 ·
2584 5282 2658 5340 'lv’
2689 5283 2860 5340 ἐλθὼν
2894 5286 2922 5340 ὁ
2943 5283 3139 5340 τούτου
3159 5285 3332 5362 κῆρυξ
3362 5285 3750 5364 ’Δντίχριστος

2089 5371 2219 5450 εὕρῃ
2273 5373 2362 5428 καὶ
2411 5372 2464 5428 ἐν
2513 5377 2584 5448 τῇ
2633 5371 2900 5449 Αἰγύπτῳ
2928 5375 3025 5438 τὰς
3075 5372 3374 5447 ἐκκλησίας
3414 5375 3607 5432 ἑαυτοῦ

2183 5692 2274 5772 t.39?)
2307 5692 2538 5772 Besqu
2559 5697 2761 5772 cedet,
2784 5692 2979 5772 ἔχωσι-

2305 5627 2394 5698 lta
2423 5623 2565 5698 Reg.
2594 5623 2743 5698 Editi
2775 5640 3003 5698 omnes,
3037 5625 3450 5698 μεμαθήκασαν.

2161 5623 2276 5840 PB;
2305 5627 2394 5679 Ita
2423 5623 2565 5708 Beg.
2594 5623 2743 5680 Editi
2775 5640 3003 5693 omnes,
3037 5643 3160 5698 μεμμ

2183 5696 2253 5751 89
2307 5695 2526 5770 Regius
2559 5697 2761 5763 codex,
2784 5692 2979 5772 ἔχωσι.

2161 5768 2255 5840 (90
2308 5768 2398 5826 Ita
2427 5767 2570 5842 Reg.
2599 5767 2758 5828 Editi
2785 5764 3160 5846 verogat'noﬁ.
