4132 6374
309 440 431 511 ’189

1253 441 1627 508 HISTORIA
1670 433 2147 503 ARIANORUM
2190 438 2294 503 AD
2340 439 2788 506 MONACHOS.

3602 435 3723 503 790

310 578 607 656 γενομένας
642 623 656 649 ,
707 577 836 642 τούς
890 599 950 634 τε
1012 574 1373 639 Μελιτιανοὺς
1442 572 1962 652 προκατηχηθέντας

2082 578 2351 633 veniatin
2384 579 2623 651 lEgypto
2671 574 2944 633 ecclesias
2994 576 3121 648 jam
3171 590 3329 643 suas,
3380 573 3721 631 Meletianos

309 666 420 739 ἤδη
452 670 517 723 τὰ
547 667 771 740 ἐκείνου,
804 669 893 723 καὶ
952 668 1157 743 ἐπιγνῷ
1215 667 1399 722 ἑαυτὸν
1459 665 1509 720 έν
1566 664 1787 726 ἐκείνοις
1846 660 1953 733 ἤδη

316 759 687 837 μορφωθέντα.

380 850 470 903 79.
510 852 764 902 Τοιοῦτον
818 847 911 920 μὲν
940 850 1031 904 06v
1094 845 1206 901 ἐστι
1254 847 1316 901 τὸ
1366 842 1575 917 ἐξελθὸν
1635 845 1782 921 παρὰ
1812 850 1962 898 Κων-

313 937 563 992 σταντίου
594 938 909 1010 παράνομον
942 937 1269 1013 πρόσταγμα
1300 954 1313 967 ⁸
1346 940 1453 989 τῶν
1488 932 1544 989 δὲ
1570 932 1715 988 λαῶν
1766 935 1962 1009 προθυ-

316 1026 415 1100 μία
449 1027 543 1098 μὲν
576 1026 642 1094 ἦν
678 1025 751 1087 είς
782 1024 1098 1101 μαρτύριον,
1130 1026 1219 1080 καὶ
1246 1023 1457 1098 μᾶλλον
1496 1030 1652 1097 μῖσος
1684 1026 1819 1078 κατά
1859 1030 1959 1091 τῆς

314 1109 676 1184 ἀσεϐεστάτης
710 1114 989 1189 αἱρέσεως,
1039 1115 1231 1176 πένθος
1280 1113 1337 1169 δῖε
1386 1114 1539 1188 ὅμως
1589 1112 1677 1167 διᾶ
1718 1116 1813 1175 τὰς
1842 1120 1960 1168 Ἐκ-

311 1201 570 1273 κλησίας,
601 1203 691 1257 καὶ
726 1204 1027 1278 στεναγμὸς
1058 1206 1204 1279 παρὰ
1233 1206 1470 1273 πάντων,
1524 1204 1774 1277 βοώντων
1825 1204 1960 1279 πρὸς

310 1293 402 1347 τὸν
454 1292 649 1369 Κύριον
684 1313 696 1323 ·
732 1297 949 1363 Φτῖσαι,
996 1294 1178 1368 Κύριε,
1228 1298 1326 1348 τοῦ
1384 1291 1521 1347 λαοῦ
1582 1314 1697 1365 σου,
1749 1293 1838 1347 καὶ
1886 1294 1959 1365 μή

314 1378 423 1453 δῷς
469 1382 569 1450 τὴν
620 1378 996 1457 κληρονομίαν
1047 1404 1141 1437 σου
1194 1382 1272 1445 εἷς
1328 1377 1534 1444 ὄνειδος
1592 1388 1708 1444 τοῖς
1744 1382 1961 1457 ἐχθροις

315 1487 437 1525 σου·
480 1467 735 1524 ἀλλὰκαὶ
765 1472 1001 1546 τάχυνον
1032 1476 1128 1526 τοῦ
1178 1472 1445 1548 ἐξεγέσθαι
1494 1474 1643 1545 ἡμᾶς
1688 1470 1746 1526 ἐκ
1776 1472 1963 1547 χειρὸς

315 1558 555 1632 ἀνόμων.
590 1556 732 1616 Ἰδοὺ
760 1560 864 1635 γὰρ
894 1564 1002 1615 τῶν
1039 1561 1131 1634 μὶν
1163 1582 1260 1617 σου
1299 1560 1637 1638 θεραπόντων
1672 1560 1771 1615 οὐκ
1824 1561 1965 1639 ἐφεί-

314 1650 595 1718 σαντο,τῷ
626 1643 683 1701 δὲ
714 1648 1077 1725 Ἀντιχρίστῳ
1119 1652 1218 1721 τήν
1269 1648 1392 1706 ὁδὸν
1446 1651 1963 1727 παρασκευάζουσιν,

313 1734 393 1791 Πύ
433 1737 537 1810 γὰρ
586 1736 998 1807 ἀντιστήσονταί
1044 1760 1177 1795 ποτε
1226 1738 1543 1796 Μελιτιανοὶ
1589 1740 1788 1813 τοὺτῳ,
1843 1737 1967 1796 οὐδὲ

319 1824 664 1901 φροντίσουσι
728 1826 852 1899 περὶ
911 1826 1170 1897 ἀληθείας
1208 1874 1221 1898 ,
1277 1827 1403 1884 οὐδὲ
1470 1831 1797 1903 ἀρνήσασθαι
1872 1830 1962 1883 τὸν

2070 660 2180 724 sua
2234 668 2499 723 doctrina
2552 666 2871 733 institutos,
2922 683 3103 738 seque
3158 665 3218 720 in
3248 664 3367 720 illis
3421 666 3547 738 jam
3579 664 3720 721 deli-

2071 761 2309 813 neatum
2341 760 2637 830 agnoscat.

2140 848 2229 901 79.
2266 846 2563 918 Ejusmodi
2586 847 2938 918 estimpium
2961 846 3070 901 hoc
3118 845 3341 901 editum
3372 860 3407 898 a
3436 842 3721 899 Constan-

2070 934 2151 991 tio
2183 937 2425 991 datum:
2462 936 2561 991 sed
2619 934 2970 1007 p0pulorum
3002 949 3216 1006 magna
3274 936 3397 989 erat
3454 931 3723 988 alacritas

2071 1024 2333 1097 martyrii
2358 1024 2668 1093 subeundi,
2702 1024 3055 1101 graviusque
3079 1023 3137 1077 in
3170 1022 3590 1094 impiissimum
3612 1022 3727 1076 hae-

2072 1113 2250 1169 resim
2284 1114 2485 1168 odium
2546 1114 2997 1168 incendebatur:
3035 1112 3226 1167 luctus
3279 1116 3477 1167 tamen
3508 1111 3725 1182 ubique

2072 1204 2131 1257 in
2164 1203 2457 1271 Ecclesiis,
2493 1202 2860 1275 gementibus
2892 1201 3165 1257 omnibus
3198 1202 3269 1255 ad
3294 1201 3727 1272 Dominumque

2073 1292 2466 1348 clamantibus
2494 1310 2505 1347 :
2539 1294 2731 1361 Parce,
2766 1293 3015 1355 Domine,
3044 1291 3249 1362 populo
3277 1298 3389 1356 tuo,
3446 1292 3496 1345 et
3537 1307 3608 1344 ne
3636 1289 3727 1344 de:

2074 1381 2449 1438 htrreditatem
2508 1386 2661 1437 tuam
2707 1384 2766 1435 in
2820 1381 3169 1452 approbrz'am
3224 1380 3464 1434 inimicis
3521 1380 3627 1434 tuis
3646 1380 3727 1435 ⁸²;

2074 1471 2176 1526 sed
2208 1470 2442 1534 festina,
2477 1474 2541 1525 ut
2570 1470 2784 1543 eripias
2817 1486 2923 1525 nos
2975 1469 3045 1524 de
3090 1485 3332 1524 manum
3364 1467 3725 1540 iniquorum.

2072 1564 2220 1615 Nam
2253 1559 2488 1615 famulis
2519 1576 2651 1616 ecce
2679 1559 2798 1615 tuis
2828 1576 2944 1615 non
3002 1561 3401 1631 pepercerunt,
3458 1556 3731 1629 viamque

2075 1649 2355 1705 muniunt
2372 1649 2728 1706 Antichristo
2744 1692 2753 1705 .
2768 1649 2918 1706 Huic
2939 1648 3095 1704 enim
3117 1664 3421 1720 nunquam
3446 1647 3733 1703 obsistent

2071 1738 2385 1804 Meletiani,
2419 1738 2581 1794 nulla
2611 1739 2720 1795 erit
2748 1738 2833 1795 eis
2864 1738 3125 1795 veritatis
3157 1754 3318 1806 cura,
3352 1752 3541 1808 neque
3571 1734 3731 1792 nefa-

2076 1829 2225 1884 riam
2257 1844 2378 1884 rem
2410 1829 2702 1901 putabunt
2726 1828 3025 1884 Christum
3085 1827 3412 1898 abnegare:
3464 1825 3734 1881 homines

312 1913 541 2010 Χριστὸν
576 1913 780 2010 φαῦλον
814 1917 1117 1989 ἡγήσονται
1146 1937 1158 1948 ⁵
1192 1916 1462 1994 ἅνθρωποι
1516 1916 1779 1991 μηδόλως
1825 1940 1962 1993 γνη-

2082 1934 2218 1973 sane
2249 1919 2349 1990 qui
2382 1935 2499 1973 non
2533 1919 2758 1974 sincero
2813 1917 3009 1973 animo
3063 1917 3133 1971 ad
3195 1915 3441 1971 verbum
3475 1931 3733 1971 accesse-

310 2000 446 2063 σίως
476 2000 873 2077 προσελθόντες
920 2010 999 2077 τῷ
1050 2006 1239 2080 Λόγῳ,
1285 2008 1422 2081 πρὸς
1472 2010 1645 2062 πάντα
1692 2008 1829 2062 κατὰ
1872 2008 1963 2061 τὸν

310 2088 691 2165 χαμαιλέοντα
714 2112 823 2168 σχη
836 2094 1209 2168 ματιζόμενοι,
1243 2098 1331 2151 καὶ
1362 2097 1623 2170 μισθωτοὶ
1646 2102 1752 2151 τῶν
1780 2096 1966 2152 ἀνυόν-

312 2200 421 2235 των
457 2179 633 2235 αὖτῶν
661 2183 762 2250 τήν
796 2183 987 2258 χρείαν
1038 2185 1376 2259 γιγνόμενοι.
1436 2186 1508 2241 Ού
1566 2188 1669 2261 γὰρ
1700 2188 1836 2262 πρὸς
1866 2188 1965 2255 τήν

319 2265 577 2338 ἀλήθειαν
614 2266 801 2346 ἔχουσι
849 2270 940 2326 τὸν
976 2274 1200 2344 σκοπὸν,
1234 2272 1380 2330 ἀλλὰ
1429 2276 1631 2346 ταύτης
1678 2277 1778 2345 τήν
1829 2296 1967 2351 παρ-

318 2357 509 2412 αυτίκα
574 2359 956 2436 προκρίνουσιν
1016 2360 1221 2433 ἡδονήν
1282 2383 1295 2395 ⁸
1353 2365 1443 2419 καὶ
1502 2364 1663 2438 μόνον
1723 2362 1966 2440 λέγουσι·

319 2446 591 2521 Φάγωμεν
650 2448 741 2502 καὶ
795 2450 1006 2523 πίωμεν
1071 2469 1083 2482 ·
1137 2449 1318 2524 αύριον
1370 2456 1474 2530 γὰρ
1534 2455 1964 2526 ἀποθνήσκομεν.

323 2538 438 2588 Τῶν
464 2536 557 2607 μὲν
593 2533 683 2589 οὖν
719 2537 1020 2612 ὑποκριτῶν
1055 2544 1172 2610 (91)
1201 2543 1613 2617 Ἐπικριτιανῶν
1648 2543 1763 2597 ἀντὶ
1804 2540 1971 2597 Μελι-

321 2627 519 2678 τιανῶν
553 2626 588 2693 ἡ
628 2624 881 2699 πρόθεσις
932 2628 1179 2700 τοιαύτη,
1230 2630 1319 2685 καὶ
1370 2632 1398 2685 6
1446 2632 1645 2705 τρόπος
1699 2630 1920 2693 ἄπιστος
1956 2648 1970 2663 ⁶

324 2712 377 2765 οἱ
409 2708 466 2765 δὲ
488 2713 670 2766 πιστοὶ
704 2711 895 2769 δοῦλοι
921 2721 1018 2771 τοῦ
1053 2725 1312 2795 Σωτῆρος
1360 2719 1450 2774 καὶ
1501 2718 1720 2790 ἀληθῶς
1754 2720 1973 2775 ἐπίσκο-

323 2820 439 2872 ποι,
473 2802 526 2854 οἱ
573 2801 815 2877 γνησίως
858 2805 1259 2877 πιστεύσαντες,
1291 2808 1380 2863 καὶ
1436 2811 1509 2879 μὴ
1559 2811 1791 2880 ἑαυτοῖς,
1832 2808 1976 2863 ἀλλὰ

322 2892 402 2960 τῷ
432 2889 616 2965 Κυρίῳ
651 2895 867 2963 ζῶντες,
902 2894 1072 2967 οὗτοι,
1107 2903 1314 2960 πιστῶς
1369 2894 1710 2962 εὐσεϐοῦντες
1762 2900 1838 2962 εἰς
1883 2900 1973 2953 τὸν

323 2976 519 3053 Κύριον
553 2981 714 3052 ἡμῶν
746 2986 955 3050 Ἰησοῦν
996 2986 1247 3060 Χριστὸν,
1300 2988 1389 3042 καὶ
1422 2990 1801 3063 γινώσκοντες,
1842 2990 1977 3043 καθά

322 3073 608 3155 προεῖπον,
658 3068 733 3130 ὡς
781 3072 918 3124 κατὰ
953 3080 1056 3141 τῆς
1088 3072 1349 3144 ἀληθείας
1377 3078 1675 3155 προφάσεις
1724 3078 1973 3151 εἶσὶψευ-

324 3152 458 3225 δεῖς,
517 3156 607 3209 καὶ
668 3163 913 3234 φανερῶς
974 3158 1319 3233 ἐπλάσθησαν
1367 3162 1455 3219 διὰ
1502 3152 1608 3234 ’τὴν
1691 3167 1971 3241 Ἀρειανὴν

324 3240 526 3317 αἳρεσιν
557 3262 569 3275 ”
601 3245 690 3299 καὶ
748 3248 851 3321 γὰρ
914 3246 973 3302 ἐκ
1014 3257 1116 3319 τῆς
1164 3252 1465 3327 Οὐρσακίου
1530 3255 1619 3308 καὶ
1670 3240 1971 3316 Οὐάλεντος

2078 2011 2237 2077 runt,
2270 2007 2492 2062 nullam
2526 2024 2662 2071 non,
2698 2006 2887 2061 instar
2916 2004 3347 2074 chamaeleonis,
3400 2004 3588 2059 induti
3620 2004 3734 2059 for-

2079 2113 2259 2163 mam,
2300 2095 2761 2168 mercenariique
2792 2112 2993 2151 eorum
3016 2094 3117 2166 qui
3144 2111 3251 2150 sua
3273 2097 3519 2149 utuntur
3538 2110 3731 2164 opera.

2079 2185 2465 2257 Nequaquam
2520 2185 2677 2241 enim
2729 2184 3032 2241 veritatem
3076 2186 3341 2255 spectant
3398 2182 3502 2249 illi,
3550 2183 3651 2238 sed
3684 2182 3736 2237 ei

2078 2279 2423 2346 praesentem
2457 2278 2821 2346 anteponunt
2849 2273 3232 2345 voluptatem,
3287 2275 3345 2327 et
3389 2271 3509 2327 haec
3541 2270 3733 2327 solum

2079 2363 2281 2419 aiunt:
2317 2364 2674 2420 Comedamus
2731 2372 2781 2418 et
2840 2364 3125 2418 bibamus:
3159 2378 3280 2416 cras
3332 2362 3482 2415 enim
3538 2361 3737 2415 morie-

2078 2454 2283 2508 mur”.
2320 2454 2683 2509 Histrionum
2744 2452 2924 2525 igitur
2980 2450 3493 2522 Epicritianorum,
3546 2449 3737 2521 magis

2082 2558 2259 2614 quam
2292 2542 2756 2607 Meletianorum,
2795 2545 2883 2596 est
2942 2537 3285 2611 hujusmodi
3341 2537 3733 2609 propositum,

2082 2632 2406 2704 perﬁdique
2437 2649 2649 2687 mores.
2683 2629 2908 2686 Fideles
2939 2634 3134 2685 autem
3178 2626 3460 2683 Salvtoris
3505 2626 3733 2697 famuli,

2084 2738 2149 2776 ac
2179 2722 2298 2775 veri
2329 2721 2605 2793 episcopi,
2640 2719 2740 2790 qui
2786 2720 3011 2774 sincere
3061 2718 3325 2795 credunt,
3375 2719 3431 2771 et
3478 2732 3593 2770 non
3626 2713 3737 2770 sibi

2084 2811 2185 2866 sed
2220 2810 2467 2866 Domino
2496 2811 2717 2881 vivunt,
2750 2810 2905 2864 310
2962 2806 3063 2879 qui
3111 2806 3269 2877 piam
3314 2805 3372 2859 in
3423 2804 3739 2858 Dominum

2086 2902 2352 2953 nostrum
2384 2899 2588 2955 Jesum
2621 2898 2917 2953 Christum
2948 2897 3123 2951 ﬁdem
3156 2897 3408 2961 servant,
3443 2893 3738 2965 probeque

2085 2996 2334 3042 noscunt
2364 2988 2543 3043 falsas
2573 3005 2701 3044 esse
2730 2986 2858 3041 illas
2890 2989 3092 3042 contra
3120 2983 3418 3039 veritatem
3460 2981 3739 3037 crimina-

2084 3075 2295 3142 tiones,
2327 3082 2643 3149 aperteque
2672 3076 2951 3132 confictas
2982 3075 3039 3128 in
3072 3072 3321 3145 gratiam
3348 3071 3574 3126 Arianae
3623 3069 3739 3125 has-

2084 3180 2279 3221 reseos
2328 3167 2486 3237 (nam
2541 3183 2607 3221 ex
2678 3164 2901 3220 Ursacii
2948 3167 3003 3219 et
3062 3160 3325 3216 Valentis
3375 3158 3737 3232 poenitentia,

2084 3254 2395 3309 conﬂatam
2454 3253 2964 3327 deprehenderunt
3022 3252 3303 3306 adversus
3352 3247 3738 3303 Athanasium

329 3332 616 3407 μετανοίας
668 3338 1065 3409 κατεμάνθανον
1114 3342 1213 3410 τὴν
1264 3344 1401 3397 κατά
1468 3344 1782 3398 ’Λθανασίου
1846 3364 1968 3397 συν-

2085 3312 2549 3414 sycophantiam:
2614 3346 2681 3397 ut
2734 3356 2869 3395 eum
2950 3340 3021 3395 de
3082 3338 3276 3393 medio
3340 3334 3633 3405 tollerent,
3683 3339 3742 3389 et

323 3424 559 3477 τεθεῖσαν
595 3424 948 3508 συκοφαντίαν
985 3450 996 3461 ·
1025 3427 1119 3484 ⁹ίνα
1148 3429 1305 3485 αὐτὸν
1360 3432 1455 3505 μὲν
1485 3430 1727 3487 ἐκποδὼν
1778 3431 1970 3508 ἄρωσι,

323 3512 425 3583 τήν
457 3508 516 3567 δὲ
560 3507 803 3568 ἀσέϐειαν
852 3519 961 3570 τῶν
1009 3521 1410 3595 Χριστομάχων
1469 3522 1545 3583 εἷς
1595 3523 1690 3585 τὰς
1741 3507 1973 3591 Ἐκκλη-

327 3599 450 3662 σίας
496 3599 746 3672 εἰσάξωσι
776 3622 788 3633 ·
820 3607 989 3659 ταῦτα
1018 3613 1368 3682 συνορῶντες,
1409 3609 1486 3673 ὡς
1517 3609 1775 3680 ἀληθείας
1823 3606 1973 3671 ὄντες

328 3688 643 3776 ὑπέρμαχοι
688 3689 778 3744 καὶ
827 3694 1085 3769 κήρυκες,
1135 3692 1453 3773 ὑϐρισθῆναι
1498 3700 1588 3754 καὶ
1639 3699 1975 3776 ἐξορισθῆναι

330 3775 544 3850 μᾶλλον
579 3776 812 3853 εἵλοντο,
843 3781 934 3836 καὶ
975 3784 1285 3858 ὑπέμειναν,
1316 3787 1351 3855 ἢ
1383 3793 1496 3841 κατ’
1542 3788 1705 3843 αὐτοῦ
1731 3775 1950 3863 νὺπογρά

326 3865 431 3953 ψαὶν
480 3866 569 3920 καὶ
643 3873 762 3930 τοῖς
809 3873 1245 3946 Ἀρειομανίταις
1300 3885 1632 3947 κοινωνῆσαι
1669 3922 1681 3934 .
1743 3877 1815 3932 Οὐ
1871 3879 1974 3953 γὰρ

327 3952 678 4026 ἐπελάθοντο,
710 3956 744 4010 ἃ
766 3954 1008 4031 ἐδίδαξαν
1047 3982 1059 3993 ·
1091 3961 1236 4018 ἀλλᾶ
1257 3965 1347 4020 καὶ
1384 3965 1595 4039 μᾶλλον
1621 3970 1733 4041 (92)
1771 3952 1974 4042 γιγνώ-

324 4064 564 4113 σκουσιν,
598 4044 674 4107 ὡς
702 4051 822 4110 τοῖς
878 4050 972 4121 μὲν
1022 4050 1317 4128 προδόταις
1369 4056 1560 4129 ἀτιμία
1598 4054 1809 4126 πολλὴ,
1858 4063 1975 4120 τοῖς

326 4129 385 4187 δὲ
415 4130 754 4209 ὁμολογοῦσι
802 4138 902 4207 τήν
955 4138 1237 4212 ἀλήθειαν,
1292 4143 1542 4220 βασιλεία
1589 4145 1851 4222 οὐρανῶν·
1886 4148 1975 4201 καὶ

322 4226 440 4309 τοῖς
475 4222 570 4296 μὲν
602 4222 902 4301 ὀλιγώροις
932 4231 1021 4285 καὶ
1075 4227 1361 4309 φοϐηθεῖσι
1408 4237 1779 4290 Κωνστάντιον
1822 4234 1974 4291 οὐδὲν

326 4308 473 4399 ἔσται
522 4312 717 4386 ἀγαθόν
753 4331 766 4344 ·
799 4321 917 4378 τοῖς
966 4316 1024 4373 δὲ
1074 4308 1395 4394 ὗπομείνασι
1440 4325 1537 4387 τὰς
1588 4323 1695 4380 ὧδε
1740 4324 1975 4399 θλίψεις,

326 4396 402 4463 ὡς
430 4399 491 4455 ἐκ
521 4402 633 4473 (93)
659 4408 939 4477 χειμῶνος
988 4408 1206 4473 ναύταις
1260 4409 1435 4475 εὔδιος
1468 4411 1663 4486 λιμὴν,
1697 4415 1772 4477 ὡς
1804 4396 1974 4485 ἀθλη-

322 4493 443 4551 ταῖς
479 4491 613 4563 μετᾶι
638 4491 729 4545 τὸν
772 4493 957 4567 ἀγῶνα
1005 4498 1264 4575 στέφανος
1313 4500 1455 4556 οὕτω
1502 4504 1592 4557 καὶ
1643 4504 1826 4566 αὐτοῖς
1882 4527 1976 4578 με-

324 4576 471 4653 γάλη
507 4578 596 4633 καὶ
643 4579 862 4644 αἰώνιος
893 4587 1039 4660 χαρὰ
1068 4586 1157 4641 καὶ
1208 4588 1505 4665 εὐφροσύνη
1557 4590 1608 4647 ἐν
1653 4599 1771 4656 τοῖς
1812 4576 1973 4670 ούρα-

2083 3430 2294 3487 Christi
2312 3432 2571 3487 hostium
2595 3430 2953 3502 impietatem
2981 3429 3416 3484 introducerent
3456 3425 3517 3479 in
3547 3423 3736 3480 Eecle-

2084 3522 2263 3591 sias):
2296 3518 2401 3587 illi,
2450 3521 2714 3591 inquam,
2766 3519 2887 3574 hac
2934 3516 3484 3581 animadvertentes,
3536 3516 3739 3584 utpote

2082 3609 2341 3667 veritatis
2390 3611 2854 3682 propugnatores
2924 3610 3099 3678 atque
3168 3619 3482 3677 praecones,
3539 3604 3743 3656 contu-

2086 3699 2292 3756 melias
2345 3702 2401 3754 et
2469 3697 2736 3753 exsilium
2804 3696 2927 3768 pati
2999 3694 3279 3760 maluere,
3336 3699 3391 3747 et
3453 3689 3742 3763 pertulere

2086 3788 2298 3860 reipsa,
2332 3802 2505 3859 quam
2538 3787 2818 3841 adversus
2841 3783 3229 3840 Athanasium
3262 3779 3651 3848 subscribere,
3684 3782 3742 3832 et

2087 3895 2222 3933 cum
2252 3876 2482 3932 Arianis
2512 3875 2965 3931 communicare.
2999 3874 3213 3927 Eorum
3268 3869 3424 3925 enim
3476 3885 3604 3939 quae
3637 3868 3739 3922 do-

2085 3965 2512 4023 cueranthaud
2571 3964 2947 4019 immemores
3004 3964 3182 4028 fuere,
3244 3958 3510 4031 quinimo
3562 3957 3740 4028 probe

2086 4059 2323 4121 norunt,
2359 4053 2757 4126 proditoribus
2787 4051 3041 4107 multum
3100 4050 3374 4115 dedecus,
3434 4044 3739 4102 veritatem

2085 4150 2283 4202 autem
2313 4142 2750 4209 conﬁtentibus,
2781 4157 3027 4213 regnum
3050 4138 3328 4195 ccelorum
3352 4136 3740 4191 obventurum

2086 4251 2217 4292 esse
2240 4252 2258 4287 :
2296 4232 2608 4289 incuriosis
2638 4231 2779 4286 item
2809 4235 2867 4287 et
2898 4228 3306 4285 Constantium
3353 4224 3738 4281 reformidan-

2086 4325 2265 4392 tibus,
2316 4321 2465 4377 nihil
2514 4321 2632 4376 fore
2680 4319 2855 4385 boni,
2914 4319 2986 4374 iis
3036 4322 3234 4374 autem
3292 4315 3392 4386 qui
3446 4328 3739 4367 aerumnas

2087 4411 2457 4487 pertulerint,
2491 4413 2555 4465 ut
2587 4409 2783 4465 nautis
2813 4412 2947 4481 post
2974 4409 3407 4479 tempestatem,
3450 4400 3738 4473 tranquil-

2085 4503 2181 4558 lus
2211 4505 2434 4574 portus,
2488 4516 2554 4555 ac
2604 4501 2757 4553 sicut
2808 4496 3043 4553 athletis
3099 4498 3232 4567 post
3290 4495 3604 4559 certamen,
3639 4507 3737 4545 co-

2088 4609 2232 4648 rona
2253 4592 2426 4645 datur
2450 4615 2463 4656 ;
2498 4589 2577 4643 ita
2596 4592 2652 4643 et
2672 4586 2788 4641 illis
2811 4602 3092 4658 magnum
3116 4587 3516 4653 aeternumque
3541 4579 3601 4634 in
3631 4596 3740 4635 cm-

321 4671 439 4757 νοῖς
471 4671 758 4757 γενήσεται
792 4693 803 4705 ·
836 4670 951 4728 ο⁹ίαν
981 4672 1135 4751 ἔσχεν
1183 4680 1383 4757 Ἰωσὴφ
1437 4682 1571 4753 μετὰ
1614 4683 1709 4745 τὰς
1763 4668 1968 4755 θλίψεις

2084 4681 2159 4737 lis
2186 4681 2306 4735 fore
2331 4678 2613 4751 gaudium
2638 4675 3041 4745 laetitiamque,
3091 4671 3322 4744 qualem
3366 4668 3585 4740 Joseph
3633 4668 3737 4723 ba-

324 4752 529 4844 ἐκείνας
569 4774 585 4791 ⁶
614 4756 735 4812 θ’ίαν
769 4761 796 4815 6
830 4761 1000 4836 μέγας
1032 4763 1235 4835 Δανιὴλ
1286 4752 1593 4840 μετὰντοὺς
1638 4752 1975 4844 πειρασμοῦς

321 4843 412 4899 καὶ
441 4846 537 4907 τὰς
567 4844 786 4911 πολλὰς
815 4846 1110 4916 ἐπιϐουλὰς
1160 4859 1269 4909 τῶν
1325 4855 1623 4933 βασιλικῶν
1661 4878 1673 4889 ·
1708 4843 1975 4936 ο⁹ίανίέχει

320 4936 413 4987 νῦν
442 4933 469 4987 6
503 4933 721 4999 Παῦλος
753 4939 1184 5017 στεφανούμενος
1216 4945 1317 4999 ὑπὸ
1362 4950 1460 5000 τοῦ
1506 4953 1769 5023 Σωτῆρος
1804 4967 1816 4980 ·
1852 4933 1971 5003 οίίαν

319 5019 733 5110 προσδοκῶντες
763 5029 853 5082 καὶ
887 5030 938 5083 οἱ
988 5038 1271 5109 πανταχοῦ
1320 5039 1415 5090 τοῦ
1464 5040 1598 5091 Θεοῦ
1630 5036 1777 5110 λαοὶ,
1809 5058 1975 5093 ταυτα

326 5108 643 5202 βλέποντες,
676 5114 779 5171 οὐκ
806 5118 1107 5190 ἠσθένησαν
1271 5126 1605 5202 προαιρέσει,
1653 5108 1799 5182 ἀλλᾶ
1832 5126 1972 5201 μᾶλ-

322 5196 419 5255 λον
472 5200 951 5279 ἐνεδυναμώθησαν
1000 5214 1069 5284 τῇ
1113 5196 1325 5280 πίστει,
1374 5196 1464 5269 καὶ
1520 5196 1685 5270 πλέον
1735 5196 1972 5287 ηὔξησαν

319 5290 417 5359 τήν
449 5293 776 5368 προθυμίαν.
830 5295 1355 5379 Πληροφορηθέντες
1406 5306 1510 5381 γὰρ
1554 5305 1686 5381 ὑπὲρ
1734 5313 1831 5375 τῆς
1884 5329 1974 5361 συ·

387 5484 434 5520 "
477 5486 603 5545 Joel
652 5509 715 5563 II,
768 5494 859 5551 l7.
909 5498 955 5533 ³⁸
1001 5499 1115 5557 Isa.
1164 5518 1306 5576 χχιι,
1368 5503 1443 5573 5;
1492 5505 1515 5560 Ι
1564 5504 1692 5562 Cor.
1739 5522 1831 5577 xv,
1882 5507 1972 5562 32.

313 5772 329 5796 ,
387 5698 501 5770 (91)
562 5702 701 5791 Reg.
762 5713 1162 5787 Πικριτιανῶν;
1220 5715 1398 5773 Basil.
1433 5721 1752 5799 Κριτιανῶν,
1810 5720 1971 5791 editi,

330 5772 748 5826 Επικοιτιανωψ
788 5782 915 5826 Μαι*
945 5786 1063 5826 Rau
1111 5786 1334 5826 *ωηιξη-οη
1392 5789 1541 5826 Fit-11H
1599 5787 1732 5826 ..κη-η.

373 5782 748 5847 πικριτιανῶν·
786 5782 917 5844 de
945 5786 1081 5860 Reg.
1111 5782 1362 5859 τοιαύτη.
1392 5782 1566 5862 Editi,
1598 5782 1757 5861 αὕτηζ

2086 4770 2215 4826 buit
2245 4772 2377 4841 post
2424 4767 2554 4822 illas
2601 4764 3001 4821 calamitates:
3055 4760 3288 4833 qualem
3348 4775 3598 4831 magnus
3628 4757 3738 4812 Da-

2084 4858 2202 4915 niel
2250 4860 2382 4929 post
2423 4855 2795 4921 tentationes,
2849 4851 3186 4922 multasque
3230 4847 3557 4904 aulicorum
3591 4844 3738 4902 insi-

2086 4948 2254 5015 dias;
2289 4944 2521 5018 qualem
2554 4959 2709 4997 nunc
2740 4941 2956 4996 Paulus
3004 4940 3179 4995 habet
3227 4955 3259 4993 a
3309 4936 3607 4993 Salvatore
3646 4950 3739 4990 co-

2084 5040 2359 5092 ronatus:
2396 5031 2629 5105 qualem
2662 5032 3064 5102 exspectantes
3112 5043 3314 5083 omnes
3374 5025 3592 5096 ubique
3638 5040 3739 5095 po-

2084 5124 2206 5198 puli
2274 5124 2399 5191 Dei,
2464 5122 2584 5177 haec
2646 5136 2781 5175 cum
2845 5119 3107 5173 viderent
3173 5116 3370 5172 animo
3422 5112 3588 5170 fracti
3622 5129 3737 5168 non

2084 5218 2243 5283 sunt,
2278 5212 2417 5285 quin
2466 5210 2662 5282 potius
2712 5209 2773 5263 in
2820 5208 2934 5263 fide
2990 5206 3265 5273 roborati,
3326 5221 3493 5261 suam
3548 5203 3738 5275 magis

2083 5319 2295 5361 auxere
2361 5300 2741 5357 alacritatem.
2815 5297 3187 5370 Deprehensa
3236 5294 3451 5367 quippe
3502 5292 3735 5349 haereti-

2175 5718 2268 5785 92)
2298 5715 2449 5785 Reg,
2475 5705 2681 5785 μαλλδμ
2703 5706 2893 5785 _Basil.
2933 5702 3081 5778 μάλα
3110 5703 3490 5779 γινώσκουσιν.

2175 5718 2246 5773 92
2298 5718 2437 5785 Reg.
2475 5718 2681 5782 μαλλα.
2716 5718 2844 5763 158.81

2154 5718 2268 5865 ξς)δῖ
2297 5787 2392 5842 Ἐκ
2421 5784 2585 5842 deest
2612 5780 2673 5837 in
2703 5780 2844 5852 Reg.
