4132 6394
412 484 537 568 ’γρ-ι

967 503 1033 568 S.
1077 497 1511 567 ATHANASII
1555 496 1730 565 OPP.
1773 495 1976 562 PARS
2015 493 2069 560 Ῑ.
2101 527 2180 544 -
2209 494 2634 562 HISTORIGA
2677 491 2778 562 ET
2819 494 3300 568 DOGMATIGA.

3712 501 3847 569 793

422 653 626 696 eorum
697 635 1080 710 sycophantia
1142 641 1317 709 atque
1364 635 1682 707 impietate,
1743 635 2068 705 persecuto-

2189 627 2477 707 κοφαντίας
2529 628 2620 683 καὶ
2669 625 2916 694 ἀσεϐείας
2973 635 3081 687 τῶν
3137 635 3423 711 αἱρετικῶν
3459 677 3474 705 ,
3534 634 3844 712 καταγινῶ-

423 743 549 784 rem
607 727 912 793 damnant,
973 743 1108 781 cum
1154 726 1374 782 vexatis
1431 729 1625 780 autem
1684 722 1880 778 animo
1939 737 2076 776 sen-

423 815 723 887 tentiaque
755 819 1130 881 concurrunt,
1183 819 1250 869 ut
1296 818 1353 870 et
1399 813 1512 886 ipsi
1560 810 1946 867 confessionis
1977 826 2079 866 co-

423 920 566 960 rona
587 905 897 960 donentur.

492 996 580 1050 80.
613 994 790 1049 Plura
821 993 932 1048 dici
968 995 1206 1065 possent
1235 992 1516 1047 adversus
1572 991 1724 1046 hanc
1771 1004 2075 1046 exsecran-

420 1083 929 1155 dam,Christoque
954 1081 1342 1137 adversariam
1371 1080 1639 1136 hmresim
1665 1096 1676 1135 :
1703 1079 1872 1152 plura
1893 1077 2078 1133 anim-

421 1173 642 1227 adverti
708 1176 950 1244 possent
1021 1171 1342 1227 Constantii
1421 1169 1697 1235 facinora,
1775 1185 1901 1240 quaz
1960 1167 2078 1222 sint

421 1261 768 1316 Antichristi
800 1260 1118 1332 prommia;
1152 1264 1211 1314 at
1257 1275 1414 1329 eum,
1468 1264 1534 1314 ut
1563 1259 1644 1314 ait
1693 1257 1978 1329 propheta
2007 1257 2072 1321 ⁵³,

419 1349 732 1422 apedibus
759 1366 946 1421 usque
977 1350 1048 1404 ad
1080 1353 1257 1420 caput
1303 1346 1448 1402 nihil
1505 1348 1562 1401 in
1614 1364 1681 1402 ea
1728 1346 1931 1400 haeresi
1981 1363 2074 1400 sa-

417 1455 562 1493 num
609 1439 708 1504 sit,
759 1440 857 1493 sed
911 1437 1186 1494 sordibus
1233 1436 1335 1492 illa
1384 1440 1604 1491 scateat
1649 1440 1706 1490 et
1752 1435 2071 1505 impietate,

415 1526 498 1583 ita
530 1531 592 1582 ut
621 1527 708 1582 vel
746 1543 814 1581 ex
840 1526 964 1582 solo
986 1526 1212 1590 auditu,
1247 1525 1525 1598 fugienda
1553 1524 1653 1578 illa
1687 1523 1762 1579 sit
1792 1528 1856 1578 ut
1887 1523 2073 1578 vomi-

417 1619 516 1670 tus
571 1617 753 1682 canis,
805 1620 863 1670 et
919 1616 1239 1670 draconum
1287 1615 1448 1668 virus
1503 1629 1515 1668 :
1568 1630 1702 1668 cum
1761 1611 2072 1684 Costyllius

416 1705 732 1761 adversarii
763 1703 1082 1775 imaginem
1113 1703 1308 1775 palam
1363 1703 1668 1774 praeferat;
1729 1706 1795 1756 ut
1842 1718 1915 1756 ne
1945 1701 2071 1756 lon-

417 1793 550 1866 gius
583 1797 888 1865 percurrat
917 1793 1121 1857 oratio,
1169 1791 1294 1847 sola
1340 1791 1510 1846 nobis
1559 1792 1636 1845 sit
1693 1790 1892 1845 divina
1919 1788 2072 1845 Scri-

416 1891 589 1955 ptura
609 1881 1016 1954 satis,ipsique
1037 1883 1510 1952 obtemperemus
1531 1896 1754 1946 omnes,
1780 1879 1891 1934 hoc
1921 1895 2070 1950 praes

417 1976 653 2044 ceptum
685 1971 934 2026 tradenti
969 1971 1039 2025 de
1069 1970 1200 2026 aliis
1257 1969 1603 2034 haarcsibus,
1646 1986 1713 2024 ac
1744 1968 2068 2040 prasertim
2098 2004 2148 2070 Β

415 2059 487 2115 de
517 2059 666 2116 ista:
699 2060 962 2128 Recedite,
993 2058 1240 2126 recedite,
1292 2060 1438 2114 exite
1489 2058 1636 2124 inde,
1693 2061 1744 2113 et
1792 2057 2071 2129 pollutum

411 2151 582 2204 nolite
611 2152 875 2218 tangere:
933 2153 1078 2204 exzte
1106 2148 1171 2203 de
1221 2148 1400 2203 medio
1451 2163 1660 2214 eorum,
1720 2151 1774 2202 et
1820 2163 2068 2217 segrega-

411 2239 559 2293 mini
587 2238 685 2309 qui
723 2239 881 2309 fertis
939 2253 1069 2292 vasa
1125 2237 1348 2293 Domini
1395 2236 1460 2290 ⁵⁸.
1517 2236 1804 2291 Omnibus
1852 2235 2070 2306 quippe

410 2327 633 2383 sufficit
660 2326 780 2380 haec
813 2325 1096 2391 doctrina,
1130 2329 1195 2380 ut
1243 2325 1290 2380 si
1341 2326 1474 2395 quis
1521 2325 1594 2381 ab
1641 2323 1758 2379 illis
1789 2325 2068 2380 seductus

411 2414 608 2485 fuerit,
641 2416 691 2471 is
723 2415 890 2488 quasi
922 2414 1249 2471 e‘Sodomis
1278 2431 1570 2486 egressus,
1624 2429 1697 2468 ne
1739 2429 1869 2468 sese
1914 2410 2069 2467 ultra

413 2504 485 2560 ad
516 2503 648 2560 illos
679 2508 996 2571 convertat,
1030 2520 1102 2559 ne
1148 2505 1296 2558 forte
1342 2503 1497 2558 idem
1552 2502 1603 2558 ei
1653 2503 1879 2558 accidat
1907 2501 2064 2573 quod

412 2593 578 2649 uxori
610 2595 734 2649 Lot.
767 2595 929 2657 Quod
961 2593 1009 2648 si
1044 2591 1177 2664 quis
1206 2593 1278 2647 ab
1310 2592 1419 2648 hac
1472 2591 1654 2663 impia
1702 2591 1908 2646 haeresi
1940 2606 2068 2646 sese

409 2682 486 2738 ab
518 2681 685 2738 initio
716 2698 930 2755 purum
964 2681 1340 2751 conservarit,
1361 2683 1414 2737 is
1443 2682 1504 2736 iu
1526 2681 1755 2736 Christo
1786 2679 2068 2752 glorietur

410 2769 535 2826 haec
578 2772 779 2826 aiens:
851 2771 970 2826 Non
1026 2770 1390 2842 expendimus
1442 2787 1642 2826 manus
1723 2774 1939 2826 nostra:
1996 2769 2066 2824 ad

415 2861 591 2915 Deum
635 2860 883 2915 alienum
926 2860 1008 2914 '5‘:
1060 2876 1250 2931 neque
1297 2859 1668 2914 adoravimus
1727 2875 1904 2930 opera
1934 2875 2064 2914 ma-

413 2965 600 3004 nuum
630 2952 987 3014 nostrarum,
1021 2965 1210 3020 neque
1249 2953 1574 3003 creaturam
1624 2948 1912 3003 coluimus
1939 2947 2065 3004 loco

409 3037 498 3093 tui
531 3036 797 3093 omnium
826 3037 1112 3092 Creatoris
1141 3035 1264 3106 Dei,
1299 3053 1400 3108 per
1450 3037 1702 3093 Verbum
1734 3040 1900 3091 tuum
1934 3035 2063 3090 uni-

411 3125 679 3199 genitum
703 3125 918 3181 ‘Filium
951 3125 1268 3182 Dominum
1317 3129 1585 3181 nostrum
1630 3126 1835 3180 Jesum
1867 3123 2065 3180 Chris-

409 3219 560 3282 tum,
595 3231 696 3287 per
727 3231 902 3287 quem
931 3214 1038 3270 tibi
1087 3214 1265 3280 Patri,
1298 3218 1356 3269 et
1402 3230 1537 3269 cum
1590 3214 1718 3287 ipso
1760 3213 1970 3281 Verbo,
2002 3213 2061 3267 in

409 3304 632 3376 Spiritu
663 3308 887 3374 sancto,
921 3303 1106 3376 gloria
1135 3307 1195 3358 et
1223 3303 1538 3374 imperium
1563 3302 1624 3358 in
1655 3302 1870 3359 saecula
1889 3319 2066 3358 saecu-

408 3392 622 3448 lorum.
657 3394 856 3448 Amen.

2185 738 2372 772 σκουσι
2407 718 2501 791 μὲν
2531 723 2628 773 τοῦ
2660 715 2973 794 διώκοντος,
3008 723 3364 800 συντρέχουσι
3393 721 3452 780 δὲ
3479 729 3594 787 τοῖς
3636 722 3840 781 διωκο-

2190 808 2372 878 μένοις
2402 810 2471 879 τῇ
2521 807 2717 882 γνώμῃ
2765 808 2855 863 καὶ
2884 814 2953 883 τῇ
2986 811 3335 890 ὁμοφροσύνῃ
3370 830 3384 845 ·
3411 811 3504 868 ἵνα
3544 814 3635 868 καὶ
3685 813 3840 870 αὐτοὶ

2183 895 2273 950 τὸν
2296 903 2398 966 τῆς
2429 894 2734 972 ὁμολογίας
2769 893 3090 954 ἀπολάϐωσι
3125 901 3406 979 στέφανον.

2253 988 2342 1042 80.
2373 983 2564 1040 Πολλᾶ
2598 986 2690 1059 μὶν
2744 985 2834 1042 οὖν
2868 986 2926 1042 ἄν
2977 1008 3061 1050 τις
3089 986 3304 1046 δύναιτο
3351 987 3531 1066 λέγειν
3564 991 3701 1046 κατὰ
3736 997 3840 1062 τῆς

2189 1081 2431 1147 μυσαρᾶς
2477 1075 2567 1129 καὶ
2620 1078 3010 1154 Χριστομάχου
3057 1078 3260 1149 ταύτης
3312 1081 3570 1158 αἱρέσεως
3609 1100 3622 1113 °
3653 1079 3842 1137 πολλὰ

2185 1160 2232 1217 δκ
2345 1163 2360 1182 \
2414 1163 2426 1183 9
2517 1163 2591 1196 ’κρῖ
2775 1164 2798 1181 τι
3351 1169 3363 1190 1
3578 1175 3608 1185 ~
3657 1177 3672 1197 ν

2221 1184 2243 1217 ε
2271 1183 2361 1217 και
2403 1164 2726 1235 αποὸειξειεν
2769 1187 2827 1220 αν
2876 1188 2959 1228 τις
3015 1166 3151 1223 εἶναι
3199 1190 3470 1246 προοιμια
3513 1191 3611 1225 του
3675 1177 3840 1226 Αντι-

2183 1252 2433 1326 χρίστου,
2483 1253 2552 1306 τὰ
2604 1252 3011 1328 ἐπιτηδεύματα
3059 1256 3433 1312 Κωνσταντίου
3468 1277 3481 1290 ⁸
3516 1255 3703 1328 ἔπειδή
3756 1257 3839 1330 δὲ,

2181 1340 2259 1402 ὡς
2292 1340 2434 1395 εἶπεν
2468 1342 2496 1395 6
2527 1345 2838 1420 προφήτης,
2873 1345 2978 1398 ἀπὸ
3007 1343 3188 1401 ποδῶν
3229 1343 3336 1409 ’ἐως
3385 1345 3632 1426 κεφαλῆς
3681 1348 3838 1406 οὐδὲν

2179 1428 2322 1484 ἐστιν
2351 1427 2579 1506 εὔλογον
2630 1430 2682 1486 έν
2729 1431 2886 1506 αὐτῇ,
2936 1435 3135 1497 παντὸς
3188 1433 3246 1490 δὲ
3297 1435 3470 1512 ῥύπου
3515 1437 3607 1492 καὶ
3656 1439 3838 1509 πάσης

2183 1513 2429 1581 ἀσεϐείας
2457 1518 2841 1596 πεπλήρωται,
2893 1521 3032 1578 ὥστε
3077 1524 3169 1578 καὶ
3218 1524 3380 1598 μόνον
3434 1528 3547 1600 (9.4)
3577 1526 3631 1598 ἐξ
3664 1527 3839 1598 ἀκοῆς

2179 1607 2438 1684 φευκτέαν
2490 1608 2654 1678 αὐτὴν
2711 1609 2880 1681 εἶναι,
2930 1612 3005 1674 ὡς
3057 1612 3290 1692 ἐξέραμα
3337 1615 3518 1684 κυνὸς,
3567 1617 3658 1671 καὶ
3708 1613 3839 1691 δρα-

2177 1695 2385 1750 κόντων
2421 1696 2498 1751 ἰόν
2535 1717 2546 1730 ·
2581 1695 2692 1752 ἔστι
2735 1697 2793 1754 δὲ
2821 1700 2912 1755 καὶ
2943 1700 3282 1764 Κοστύλλιος
3336 1705 3447 1778 (95)
3497 1702 3556 1759 ἐκ
3601 1707 3840 1783 φανεροῦ

2175 1786 2278 1854 τήν
2313 1785 2493 1841 εἰκόνα
2523 1789 2697 1866 φέρων
2728 1794 2826 1843 τοῦ
2858 1790 3228 1864 ἀντικειμένου
3263 1811 3276 1824 ο
3301 1790 3395 1847 ’ἱνα
3438 1795 3513 1867 μή
3568 1796 3775 1870 μακρὸς
3808 1797 3840 1851 6

2181 1871 2349 1949 λόγος
2394 1876 2641 1950 γένηται,
2689 1875 2780 1932 διὰ
2820 1883 2982 1934 τοῦτο
3030 1877 3198 1935 καλὸν
3252 1881 3576 1956 ἀρκεσθῆναι
3615 1886 3686 1958 τῇ
3717 1883 3842 1956 θείᾳ

2177 1968 2388 2042 Γραφῇ,
2443 1965 2533 2019 καὶ
2588 1967 2790 2028 πάντας
2842 1967 2977 2042 αὐτῇ
3025 1971 3309 2038 πεισθῆναι
3369 1969 3840 2048 παραγγελλούσῃ

2181 2049 2270 2108 διά
2297 2074 2356 2108 τε
2377 2055 2473 2116 τὰς
2505 2052 2683 2118 ἄλλας
2714 2057 2970 2131 αἱρέσεις,
3008 2058 3099 2112 καὶ
3153 2057 3392 2132 μάλιστα
3440 2058 3530 2116 διά
3579 2061 3782 2133 ταυτην
3819 2081 3835 2094 ⁶

2181 2139 2294 2196 ἔστι
2351 2140 2408 2197 δὲ
2466 2143 2634 2213 αὐτῆς
2687 2145 2750 2200 τὸ
2805 2145 3177 2222 παράγγελμα
3222 2153 3384 2204 τοῦτο
3437 2167 3449 2181 ⁸
3503 2150 3836 2222 Ἀπόστητε,

2180 2229 2472 2300 ἀπόστητε,
2549 2230 2790 2303 έξέλθετε
2867 2233 3063 2290 ἐκεῖθεν
3117 2283 3131 2308 ,
3199 2237 3291 2292 καὶ
3368 2237 3671 2315 ἀκαθάρτου
3753 2241 3834 2314 μὴ

2174 2320 2386 2394 ’ἅψησθε
2443 2323 2594 2396 (96),
2641 2320 2882 2394 ἐξέλθετε
2939 2323 2998 2379 ἐκ
3058 2326 3223 2398 μέσου
3277 2325 3451 2382 αὐτῶν
3488 2370 3502 2399 ,
3560 2330 3652 2383 καὶ
3709 2329 3783 2408 ἀφ
3817 2361 3842 2373 -

2177 2409 2449 2483 ορίσθητε,
2511 2411 2563 2464 οἱ
2613 2412 2866 2488 φέροντες
2893 2413 2961 2468 τὰ
3005 2413 3167 2485 σκεύή
3221 2415 3421 2489 Κυρίου
3492 2421 3662 2472 Τοῦτο
3726 2419 3837 2495 γὰρ

2174 2500 2311 2575 πρὸς
2343 2497 2692 2556 διδασκαλίαν
2741 2501 2896 2577 ἀρκεῖ
2940 2508 3100 2557 πᾶσιν
3134 2521 3146 2534 ⁸
3175 2501 3268 2572 ἵν’,
3319 2505 3365 2560 εί
3415 2505 3511 2579 μὲν
3560 2527 3645 2569 τις
3688 2507 3836 2577 ἠπα-

2173 2590 2314 2658 τήθη
2365 2589 2492 2665 παρ’
2525 2589 2723 2663 αὐτῶν,
2784 2588 3012 2662 ἐξελθὼν
3073 2592 3149 2654 ὡς
3203 2594 3316 2667 (97)
3373 2595 3479 2650 ἀπὸ
3531 2593 3834 2670 Σοδόμων,

2181 2678 2374 2750 μηκέτι
2403 2679 2540 2753 πρὸς
2572 2677 2767 2742 αὐτοὺς
2817 2679 3110 2756 ἐπιστρέψῃ
3153 2684 3289 2757 (98),
3333 2685 3558 2755 μήποτε
3594 2686 3738 2760 πάθῃ
3762 2687 3838 2741 τὰ

2173 2773 2275 2836 τῆς
2304 2767 2560 2841 γυναικὸς
2588 2773 2688 2823 τοῦ
2718 2769 2844 2823 Λώτ
2875 2787 2889 2801 ·
2925 2768 2973 2823 εἰ
3023 2766 3081 2825 δὲ
3127 2790 3210 2832 τις
3259 2773 3492 2846 καθαρὸς
3543 2772 3595 2844 ἐξ
3627 2774 3836 2851 ,ἀρχῆς

2177 2856 2281 2909 ἀπὸ
2309 2862 2410 2925 τῆς
2443 2851 2669 2919 ἀσεϐοῦς
2716 2856 2921 2928 ταύτης
2971 2859 3229 2936 αἱρέσεως
3271 2857 3567 2934 διέμεινεν,
3619 2859 3725 2939 ἔχῃ
3759 2863 3839 2919 ,τὸ

2173 2943 2441 3022 καύχημα
2489 2944 2541 3000 ἐν
2590 2949 2806 3022 Χριστῷ
2855 2946 3032 3023 λέγων
3070 2967 3083 2980 ·
3117 2947 3228 3004 Οὐκ
3274 2947 3665 3026 έξεπετάσαμεν
3711 2957 3839 3029 χεῖ-

2177 3054 2271 3110 ρας
2325 3037 2486 3108 ἡμῶν
2550 3036 2689 3111 πρὸς
2748 3036 2876 3091 Θεὸν
2928 3033 3221 3114 ἀλλότριον
3256 3086 3272 3111 ,
3326 3037 3452 3094 οὐδὲ
3493 3039 3841 3115 προσελυνή-

2175 3144 2341 3196 σαμεν
2371 3130 2490 3186 τοῖς
2521 3120 2705 3201 ἔργοις
2732 3131 2840 3181 τῶν
2873 3131 3076 3202 χειρῶν
3109 3130 3294 3202 ἡμῶν,
3334 3127 3459 3185 οόδὲ
3507 3129 3840 3208 έλατρεύσαρ-

2178 3233 2273 3284 μεν
2304 3217 2372 3287 τῇ
2403 3213 2575 3268 κτίσει
2606 3215 2753 3291 παρά
2802 3215 2860 3269 σὲ
2900 3215 2991 3270 τὸν
3041 3216 3299 3272 κτίσαντα
3336 3218 3408 3273 τὰ
3453 3219 3632 3275 πάντα
3679 3221 3837 3295 Θεὸν,

2173 3298 2262 3355 διὰ
2297 3305 2394 3356 τοῦ
2424 3307 2520 3356 σοῦ
2548 3302 2728 3378 Λόγου
2772 3307 2871 3359 τοῦ
2924 3309 3253 3381 μονογενοῦς
3299 3307 3432 3362 Υἱοῦ
3482 3313 3580 3363 τοῦ
3629 3309 3839 3384 Κυρίου

2094 3374 2136 3442 C
2173 3392 2336 3463 ἡμῶν
2367 3392 2549 3460 Ἰησοῦ
2582 3374 2838 3468 Χριστοῦ,
2874 3374 2943 3447 δι’
2980 3393 3043 3448 οὗ
3077 3374 3178 3449 ’σοὶ
3224 3399 3305 3468 τῷ
3352 3397 3547 3472 Ππρῖ,
3596 3397 3688 3453 καὶ
3711 3374 3835 3454 ’σὺν

409 3479 556 3552 αὐτῷ
581 3484 662 3552 τῷ
691 3481 855 3554 Λόγῳ
895 3478 948 3534 έν
976 3478 1253 3552 ’Πνεύματι
1285 3477 1450 3554 ἀγίῳ,
1481 3482 1516 3548 ἡ
1551 3478 1677 3550 δόξα
1704 3480 1874 3533 καὶτὸ
1899 3462 2097 3553 κράτος
2138 3462 2373 3543 εἰςτοὺς
2404 3480 2606 3543 αἰῶνας
2627 3462 2736 3536 τῶν
2771 3462 3004 3539 αἷνώνων.
3041 3481 3242 3558 ’Δμήν.

483 3569 805 3642 (Athanasii
838 3569 1095 3642 episcopi
1129 3570 1202 3625 ad
1235 3585 1442 3625 omnes
1474 3571 1692 3641 ubique
1721 3569 2060 3639 monachos,

407 3657 485 3713 de
533 3657 710 3713 rebus
758 3657 941 3730 gestis
988 3657 1062 3712 ab
1110 3657 1342 3712 Arianis
1392 3658 1501 3713 sub
1560 3657 1918 3714 Constantio.
1960 3657 2066 3714 Hic

407 3749 568 3802 totus
595 3745 744 3802 liber
772 3746 1053 3802 adversus
1083 3745 1496 3802 Gonstantium
1544 3764 1579 3803 a
1629 3764 1781 3820 papa
1827 3763 2064 3819 compo-

411 3835 564 3892 situs
593 3835 726 3907 est.)

652 3979 800 4034 31‘!
838 3979 926 4033 81.
957 3977 1448 4034 CONTESTATIO
1472 3977 1822 4034 SECUNDA.

411 4087 536 4141 Hac
555 4085 749 4157 palam
784 4088 1117 4157 contestatur
1134 4101 1230 4155 per
1256 4101 1344 4140 eos
1373 4086 1470 4157 qui
1493 4093 1678 4156 postea
1701 4085 2063 4157 subsm'ibent,

481 4155 717 4230 populus
763 4155 1190 4230 Alexandrinus
1213 4155 1504 4212 catholicw’
1527 4157 1802 4228 Ecclesiae,
1836 4173 1962 4230 quae
1988 4155 2067 4215 est

481 4229 582 4283 sub
613 4229 912 4284 Alhanasio
933 4227 1320 4284 rcvendz'ssimo
1339 4230 1598 4300 episcopo.

481 4369 805 4426 Contestati
843 4370 970 4441 jam
1004 4386 1213 4426 sumus
1245 4371 1316 4425 de
1347 4385 1631 4426 nocturna
1676 4371 1735 4427 in
1785 4388 1891 4427 nos
1920 4376 1979 4426 et
2005 4370 2066 4426 in

419 4459 726 4531 Cyriacum
773 4459 926 4515 facta
970 4459 1306 4515 invasione:
1358 4461 1594 4515 tametsi
1643 4460 2068 4516 contestatione

409 4564 558 4620 opus
581 4547 824 4604 minime
841 4548 1146 4615 erat,circa
1166 4564 1289 4604 rem
1310 4551 1595 4604 universae
1615 4549 1835 4604 civitati
1867 4554 2066 4604 notam

2247 3571 2360 3643 (99)
2403 3570 2742 3643 (Ἀθανασίου
2791 3570 3086 3628 ἐπισκόπνυ
3135 3574 3273 3649 πρὸς
3325 3573 3453 3638 τοὺς
3512 3576 3838 3653 ἁπανταχοῦ

2178 3657 2456 3734 μοναχοὺς
2483 3659 2607 3732 περὶ
2635 3664 2744 3715 τῶν
2777 3662 3158 3736 γεγενημένων
3185 3665 3333 3732 παρὰ
3375 3668 3486 3722 τῶν
3535 3666 3834 3742 Ἀρειανῶν

2171 3745 2264 3802 ἐπὶ
2295 3749 2690 3804 Κωνσταντίου.
2723 3748 2893 3812 Οὗτος
2925 3751 2954 3805 ὁ
2985 3749 3158 3826 λόγος
3183 3748 3372 3808 διόλου
3392 3754 3840 3812 κατὰΚωνσταν-

2172 3835 2293 3891 τίου
2324 3837 2669 3894 συντέτακται
2697 3841 2778 3910 τῷ
2807 3839 3006 3913 πάπᾳ.)

2475 3963 2569 4019 81.
2603 3963 2679 4036 (4)
2704 3963 3169 4022 ΔΙΑΜΑΡΤΥΡΙΑ
3202 3969 3524 4028 ΔΕΥΤΕΡΑ.

2173 4046 2308 4105 Τάδε
2365 4047 2610 4140 δημοσίᾳ
2644 4049 3092 4152 1διαμαρτύρεται
3128 4051 3408 4152 ﬁduciis:
3477 4055 3607 4152 ἑξῆς
3669 4057 3834 4152 ὁτιοῆ-

2246 4121 2880 4266 ξίῖῖῆέξτευέκκξησὲξξῖ
2940 4145 3066 4265 ξξξς
3124 4123 3836 4257 ἐξτξνλλξξξνδίῖξῑνεῖξς

2246 4265 2338 4318 τὸν
2369 4262 2799 4339 αἰδεσιμώτατον
2832 4262 3147 4326 ἐπίσκοπον.

2249 4368 2387 4441 Ἤδη
2454 4372 2547 4444 μὲν
2616 4371 3128 4451 διεμαρτυράμεθα,
3183 4376 3310 4452 περὶ
3365 4379 3434 4446 ἧς
3490 4377 3838 4453 πεπόνθαμεν

2175 4467 2492 4536 νυκτερινῆς
2544 4458 2769 4539 ἐφόδου,
2830 4465 2996 4536 ἡμεῖς
3048 4485 3107 4519 τε
3162 4465 3252 4519 καὶ
3312 4466 3375 4521 τὸ
3423 4467 3689 4543 Κυριακόν
3733 4487 3748 4500 ⁸
3788 4469 3838 4525 εἰ

2175 4548 2264 4601 καὶ
2296 4547 2686 4626 διαμαρτυρίας
2718 4550 2883 4626 ’χρεία
2930 4551 3030 4607 οὐκ
3081 4553 3148 4622 ῆν
3183 4551 3264 4632 ἐφ’
3294 4554 3376 4617 οἷς
3425 4561 3572 4610 πᾶσα
3599 4559 3634 4626 ὴ
3661 4555 3838 4622 πόλις

412 4636 915 4708 exploratumque.
941 4637 1231 4692 Caesorum
1266 4653 1521 4708 namque
1566 4637 1804 4692 inventa
1833 4653 2068 4709 corpora

2189 4633 2385 4712 ἔγνωκέ
2431 4659 2491 4694 τε
2539 4639 2629 4693 καὶ
2678 4641 2933 4715 γινώσκει
2961 4683 2972 4697 .
3023 4643 3100 4697 Τὰ
3143 4663 3204 4699 τε
3243 4644 3353 4720 γὰρ
3403 4645 3684 4720 εὑρεθέντα
3731 4648 3841 4702 σώ-

412 4724 609 4799 palam
638 4725 903 4797 exposita
933 4729 1104 4781 sunt:
1139 4743 1304 4782 arma
1333 4727 1472 4781 item
1502 4735 1558 4781 et
1585 4725 1702 4781 tela
1742 4727 1800 4781 in
1830 4727 2066 4798 Cyriaco

2189 4748 2323 4800 ματα
2379 4731 2487 4783 τῶν
2549 4729 2935 4805 ἀναιρεθέντων
2996 4729 3240 4805 δημοσίᾳ
3289 4735 3576 4808 προετέθη.
3631 4735 3841 4792 καὶτὰ

410 4820 640 4888 reperta
651 4814 843 4870 scelus
867 4815 1685 4886 proclamarunt.0uiatamen
1698 4820 1831 4886 post
1850 4816 2064 4898 factam

2189 4816 2229 4871 ἓν
2257 4821 2338 4889 τῷ
2369 4821 2622 4892 Κυριακῷ
2653 4815 2799 4873 ὅπλα
2843 4839 2903 4874 τε
2951 4821 3042 4875 καὶ
3089 4820 3488 4900 τόξα-κέκραγε
3531 4824 3631 4893 τήν
3663 4844 3841 4899 παρα-

412 4903 894 4960 Contestationem
918 4903 1287 4960 clarissimus
1318 4905 1436 4958 dux
1465 4904 1747 4976 Syrianus
1778 4922 1982 4962 omnes
2012 4906 2067 4961 vi

2189 4905 2400 4979 ρομζαν.
2459 4905 2683 4976 Ἐπειδὴ
2748 4904 2806 4962 δὲ
2859 4909 2951 4963 καὶ
3014 4911 3148 4982 μετὰ
3193 4911 3292 4980 τῆν
3353 4908 3743 4989 διαμαρτυρίαν
3776 4916 3841 4970 -6

411 4991 712 5066 compellit
734 4997 801 5048 ut
831 5009 1031 5049 secum
1062 4993 1376 5060 fateantur,
1398 4993 1628 5048 nullum
1652 4994 1947 5050 exstitisse
1973 4999 2068 5050 tu-

2189 4994 2567 5071 Kaim'pé'rwroq
2601 4993 2726 5067 δοὺξ
2760 4998 3023 5073 Συριανὸς
3053 4999 3296 5073 βιάζεται
3333 5003 3537 5065 πάντας
3557 5003 3841 5060 συνθέσθαι

480 5117 526 5152 ⁵³
582 5116 696 5173 Isa.
759 5134 798 5185 ι,
855 5119 910 5172 6.
973 5117 1018 5152 ⁶⁴
1077 5121 1185 5172 lsa.
1246 5116 1436 5185 L11,”
1489 5117 1718 5173 “Psal.
1775 5135 1935 5187 XLIII,
1972 5119 2065 5176 24.

482 5250 596 5322 (94)
623 5249 721 5340 βία
750 5253 890 5323 Reg.
911 5251 1060 5306 Editi
1091 5266 1225 5306 vero
1254 5249 1345 5303 καὶ
1395 5251 1469 5322 μή
1507 5248 1692 5322 μόνον.
1752 5251 1897 5309 Ibid.
1924 5255 2065 5327 Reg.

739 5392 876 5456 Reg.
925 5397 981 5448 et
1003 5392 1202 5456 BasiL,
1243 5397 1299 5448 et
1328 5393 1409 5448 ita
1429 5393 1649 5456 legerat
1675 5394 1939 5452 Nannius
1969 5397 2068 5456 oui

2247 5257 2360 5456 {98)
2391 5257 2488 5314 Sic
2517 5257 2658 5330 Reg.
2684 5257 2836 5314 Editi
2862 5257 3353 5388 ηΐοοῦποστρέψῃ.

2268 5331 2339 5386 99
2392 5330 2592 5386 Solent
2621 5345 3013 5388 amanuenses
3057 5333 3182 5388 ititu
3209 5349 3311 5388 um

2189 5417 2245 5456 3a
2271 5417 2398 5456 cem
2428 5402 2790 5456 subnectere.
2825 5403 2974 5456 Hinc
3003 5407 3093 5456 est
3130 5405 3289 5456 quod
3319 5404 3353 5456 h

2179 5417 2245 5456 08

412 5321 778 5406 cpsuf‘faigty,“
838 5321 859 5323 ἡ
964 5393 1043 5406 ,ἢ
1122 5392 1154 5406 η
1281 5397 1290 5406 ι
1331 5393 1363 5406 ἡ
1398 5321 1442 5406 ’_
1510 5321 1515 5322 ί
1631 5394 1720 5406 ,η
1848 5396 1858 5406 ι
2011 5321 2064 5406 "_
2247 5321 2360 5406 (99)
2392 5321 3013 5406 Βοιοῑιῐᾘωαιιιιειιεω
3057 5321 3334 5406 titulum:
3368 5336 3839 5392 tractatuum-ad

487 5396 602 5476 (95)
624 5394 718 5476 §ic
736 5392 876 5476 iteg.
925 5392 1202 5476 etnl'3asilr,
1243 5397 1299 5448 et
1328 5393 1409 5448 ita
1429 5393 1649 5476 legerat
1675 5394 1939 5452 Nannius
1969 5397 2069 5476 qui

414 5464 592 5522 vertit
625 5464 906 5520 Cestilius.
969 5464 1370 5536 Videnturque
1422 5464 1673 5521 editores
1725 5483 1834 5522 suo
1883 5464 2069 5525 marte

417 5554 545 5594 eam
575 5553 776 5592 vocem
796 5539 1167 5601 immutasse,
1201 5537 1481 5592 mendum
1509 5553 1638 5592 esse
1668 5539 1798 5593 rati.

488 5610 599 5681 (96)
625 5609 706 5681 Ita
726 5612 865 5681 Reg.
889 5612 946 5663 et
965 5608 1199 5681 Graecus
1249 5607 1562 5681 Scriptura
1593 5613 1808 5681 textus.
1831 5611 1984 5666 Editi
2016 5608 2070 5664 ἄ-

419 5678 1218 5763 πτεσθε.Ρςιυ]0’ρο8ἱεάἱίὶτοῦ
1248 5678 1461 5751 Κυρίνυ.
1497 5685 1562 5735 ln
1587 5680 1799 5736 Reh.et
1820 5681 1885 5737 G.
1908 5683 1965 5737 S.
2000 5684 2065 5739 T.

417 5753 513 5803 τοῦ
545 5752 726 5805 deest.

490 5821 607 5890 (97)
637 5822 725 5877 Ita
753 5818 893 5891 Reg.
923 5825 981 5878 et
1011 5821 1187 5880 Basil.
1219 5827 1284 5879 In
1310 5821 1489 5879 editie
1519 5821 1594 5884 ὡς
1615 5823 1800 5880 deest.

2271 5417 2398 5490 cem
2428 5402 2790 5490 subnectere.
2825 5403 2974 5458 Hinc
3003 5405 3289 5490 est-quod
3319 5404 3442 5462 haec
3471 5406 3651 5462 verba
3665 5423 3844 5490 _re_pe-

2178 5473 2418 5550 riu_ntur_
2448 5473 2506 5550 in
2535 5473 2827 5550 omnibus
2842 5490 2978 5530 cum
3008 5473 3841 5550 editis,tum.manuscnipﬁs:

2178 5546 2276 5600 sed
2298 5545 2457 5623 male
2471 5545 2548 5623 _in
2573 5544 3095 5623 editissiopo'sita
3120 5544 3382 5623 suntyut
3419 5544 3841 5623 subsequentis

2179 5616 2619 5672 contestationis
2649 5617 2861 5673 titulus
2886 5616 3016 5674 esse
3043 5616 3372 5676 videantur.

2251 5689 2328 5766 (1)
2362 5687 2928 5766 Primacontestatio
2954 5689 3200 5766 interiit,
3253 5693 3328 5749 ob
3353 5705 3613 5753 causam
3661 5707 3851 5766 supra

2179 5758 2424 5817 allatam
2455 5759 2516 5816 in
2535 5761 2835 5821 iﬂonito'et
2860 5775 3028 5820 num.
3059 5762 3150 5819 49.
