4132 6394
288 400 419 466 Ίῦθι

291 531 459 604 αὐτῷ,
492 531 568 595 ὡς
600 527 723 589 οὕτε
750 522 983 608 θορύϐου
1022 530 1340 606 γενομένου,
1391 521 1512 579 οὔτε

292 621 487 683 νόντοςν
514 642 526 654 ο
559 618 799 698 ἔλεγχος
828 619 885 677 δὲ
915 621 1073 681 οὗτος
1120 618 1219 674 οὐκ
1267 614 1458 689 ὀλίγος
1508 614 1582 685 μὴ
1616 608 1938 698 γεγενῆσθαι

291 715 460 767 ταῦτα
514 712 650 766 κατὰ
720 712 948 786 γνώμην
1000 713 1097 763 τοῦ
1155 702 1671 784 φιλανθρωποτάτου
1726 695 1940 771 Αὐγού-

294 820 423 855 στου
456 784 855 856 Κωνσταντίου.
886 798 995 853 Οὐκ
1024 797 1081 851 ἂν
1111 797 1215 871 γὰρ
1248 787 1489 871 ἐφοϐήθη
1534 790 1619 844 ἐπὶ
1648 793 1764 849 τοῖς
1798 784 1940 839 οὕτω

293 889 611 963 γενομένοις
646 931 663 957 ,
721 888 766 942 εἰ
826 888 885 943 ἐκ
940 884 1283 961 προστάξεως
1340 886 1507 936 ταῦτα
1579 878 1938 945 ἐπεποιήκει.

293 978 394 1034 Καὶ
451 979 557 1053 γάρ
611 977 700 1033 καὶ
760 975 1090 1037 ἀπελθόντας
1169 976 1318 1046 ἡμᾶς
1394 971 1529 1043 πρὸς
1589 966 1797 1037 αὐτὸν,
1852 962 1943 1017 καὶ

297 1067 577 1138 ἀξιοῦντας
638 1063 832 1140 μηδενὶ
896 1065 1013 1140 βίαν
1073 1068 1247 1118 ποιεῖν
1284 1107 1299 1131 ,
1356 1057 1495 1133 μηδὲ
1553 1056 1823 1133 ἀρνεῖσθαι
1880 1053 1947 1105 τὰ

298 1156 587 1232 γενόμενα,
637 1154 906 1228 ἐκέλεοσε,
958 1150 1311 1230 Χριστιανοὺς
1363 1152 1513 1221 ἡμᾶς
1563 1142 1741 1211 ὄντας,
1784 1162 1946 1199 κατα-

299 1252 537 1316 κοπῆναι
569 1243 834 1321 ῥοπάλοις
870 1266 881 1278 ·
920 1241 1127 1303 δεικνὺς
1176 1240 1265 1295 καὶ
1314 1238 1373 1293 ἐκ
1418 1235 1626 1291 τούτων
1672 1234 1763 1287 τὸν
1796 1229 1948 1306 γενό-

308 1355 466 1410 μενον
522 1319 711 1396 νυκτὸς
770 1330 1013 1406 πόλεμον
1073 1330 1209 1385 κατὰ
1262 1335 1364 1396 τῆς
1422 1322 1750 1392 Ἐκκλησίας
1790 1364 1802 1378 .
1856 1319 1952 1373 Διά

304 1427 467 1481 τοῦτο
494 1424 587 1479 καὶ
612 1427 703 1478 νῦν
753 1426 921 1477 ταῦτα
972 1416 1465 1495 διαμαρτυρόμεθα,
1511 1410 1619 1483 ἤδη
1681 1411 1770 1465 καὶ
1819 1407 1951 1482 μελ-

310 1510 516 1569 λόντων
546 1516 708 1567 τινῶν
752 1511 804 1582 ἐξ
852 1512 1013 1584 ἡμῶν
1064 1492 1371 1579 ἀποδημεῖν
1409 1504 1555 1581 παρὰ
1600 1502 1691 1555 τὸν
1742 1492 1954 1553 εὐσεϐέ-

310 1623 499 1659 στατον
562 1598 892 1675 Αὔγουστον.
938 1598 1250 1674 Ὁρκίζομεν
1302 1592 1359 1651 δὲ
1413 1593 1550 1648 κατὰ
1602 1594 1698 1645 τοῦ
1756 1609 1955 1643 παντο-

308 1692 575 1767 κράτορος
637 1672 772 1745 θεοῦ
834 1688 965 1761 ὑπὲρ
999 1672 1112 1755 τῆς
1163 1682 1437 1757 σωτηρίας
1481 1685 1579 1736 τοῦ
1632 1672 1959 1735 εὐσεϐεστά-

308 1801 406 1837 του
464 1778 778 1855 Αὐγούστου
836 1773 1208 1833 Κωνσταντίου
1247 1819 1261 1844 ,
1304 1773 1396 1827 τὸν
1454 1792 1512 1826 τε
1570 1764 1805 1845 ἔπαρχον
1858 1773 1957 1835 τῆς

313 1869 595 1946 Αἰγύπτου
629 1868 885 1941 Μάξιμον
933 1864 1023 1920 καὶ
1076 1863 1204 1925 τούς
1261 1861 1596 1936 κουριώσους
1658 1859 1956 1931 ἀνενεγκεῖν

312 1960 488 2014 πάντα
543 1957 631 2011 ἐπὶ
686 1958 786 2026 τὴν
846 1949 1118 2012 εὐσέϐειαν
1169 1956 1265 2007 τοῦ
1324 1948 1660 2025 Αὐγούστου,
1719 1946 1809 2001 καὶ
1863 1947 1962 2013 τὴν

318 2046 559 2119 ἐξουσίαν
606 2050 713 2101 τῶν
758 2044 1160 2119 λαμπροτάτων
1210 2041 1499 2117 ἐπάρχων.
1547 2037 1859 2113 Ὀρκίζομεν
1911 2032 1969 2088 δὲ

316 2137 407 2193 καὶ
431 2136 559 2199 τοὺς
590 2133 937 2209 ναυκλήρους
966 2134 1170 2193 πάντας
1197 2129 1428 2207 κηρύξαι
1468 2131 1637 2183 ταῦτα
1664 2126 1972 2198 πανταγοῦ,

320 2227 412 2283 καὶ
444 2226 520 2288 εἷς
556 2226 719 2287 ἀκοὰς
742 2229 838 2279 τοῦ
872 2218 1251 2278 εὐσεϐεστάτου
1283 2217 1598 2293 Αὐγούστου
1650 2215 1971 2287 ἀνενεγκεῖν,

324 2316 415 2371 καὶ
446 2316 521 2379 εἰς
551 2314 679 2377 τοὺς
710 2313 1006 2388 ἐπάρχους,
1038 2309 1128 2366 καὶ
1182 2309 1258 2371 εἰς
1286 2306 1416 2369 τοὺς
1460 2306 1595 2359 κατὰ
1621 2304 1786 2358 τόπον
1822 2299 1972 2356 δικα-

329 2402 571 2467 στάςοτίνα
600 2405 818 2480 γνωσθῇ
843 2403 870 2456 6
896 2399 1187 2477 γενόμενος
1207 2394 1455 2470 πόλεμος
1474 2396 1611 2450 κατὰ
1629 2388 1977 2480 τῆςἘκκλη-

333 2494 475 2566 σίας,
503 2494 593 2549 καὶ
624 2494 708 2551 ’ὁτι
750 2490 800 2548 ἐν
831 2495 1043 2564 καιροῖς
1094 2492 1190 2543 τοῦ
1237 2484 1551 2561 Αὐγούστου
1606 2472 1978 2536 Κωνσταντίου

335 2582 561 2653 ἐποίησε
626 2580 890 2656 Συριανὸς
949 2578 1189 2655 γενέσθαι
1244 2576 1518 2651 μάρτυρας
1570 2571 1866 2648 παρθένους
1923 2588 1982 2656 τε

331 2672 423 2729 καὶ
474 2668 680 2733 ἄλλους
721 2666 970 2730 πολλούς
1131 2660 1581 2742 Ἐπιφωσκούσης
1630 2662 1733 2737 γὰρ
1776 2662 1846 2731 τῇ
1876 2655 1983 2731 πρὸ

330 2764 490 2817 πέντε
520 2759 678 2815 εἰδῶν
712 2753 1156 2833 Φευϐρουαρίων,
1183 2755 1427 2809 τουτέστι
1455 2759 1557 2821 τῆς
1592 2748 1655 2805 ιδ’
1685 2753 1781 2803 τοῦ
1804 2745 1981 2826 Μεγὶρ

334 2851 531 2924 μηνὸς,
584 2846 1002 2926 ἀγρυπνούντων
1052 2848 1212 2919 ἡμῶν
1247 2842 1298 2899 ἐν
1328 2847 1408 2915 τῷ
1440 2844 1711 2917 Κυριακῷ,
1743 2837 1833 2892 καὶ
1862 2839 1984 2897 ταῖς

332 2939 521 3017 εὐχαῖς
563 2935 947 3016 σχολαζόντων
1006 2933 1242 3009 (σύναξις
1289 2933 1392 3007 γὰρ
1439 2927 1644 3004 ἔμελλε
1688 2931 1757 3000 τῇ
1810 2945 1983 3017 παρα-

529 3012 813 3104 γίνεσθαι),
848 3024 1102 3100 ἐξαίφνης
1134 3022 1257 3097 περὶ
1304 3022 1365 3077 τὸ
1413 3017 1759 3092 μεσονύκτιον
1812 3012 1985 3083 ἐπῆλ-

331 3119 418 3175 θεν
465 3101 601 3189 ἡμῖν
650 3135 710 3170 τε
755 3114 845 3169 καὶ
892 3116 962 3185 τῇ
1013 3109 1279 3180 ἐκκλησίᾳ
1326 3111 1354 3164 ὁ
1414 3106 1803 3182 λαμπρότατος
1861 3101 1986 3174 δοὺξ

335 3206 599 3281 Συριανὸς
635 3204 769 3278 μετὰ
797 3199 1024 3257 πολλῶν
1078 3198 1363 3275 λεγεώνων
1415 3199 1781 3271 στρατιωτῶν,
1834 3192 1987 3269 ἐχόν-

1228 376 1596 458 HISTORIA
1640 380 2121 452 ABIANORUM.
2162 377 2263 441 AD
2307 374 2760 439 MONACHOS.

1559 522 1705 582 τινὸς
1738 520 1935 573 ἀποθα-
1964 559 1976 586 ,

2086 513 2321 578 mltum,
2354 508 2581 565 nullum
2613 507 2873 563 occisum
2906 505 3125 562 fuisse:
3160 506 3317 578 quod
3366 522 3507 564 sane
3538 506 3696 561 haud

2043 604 2167 661 leve
2190 604 2602 673 argumentum
2625 602 2713 653 est
2735 596 2852 652 haec
2877 600 3088 668 praeter
3109 597 3463 651 sententiam
3486 595 3699 651 huma-

2046 691 2274 749 nissimi
2301 689 2548 761 Augusti
2570 687 2891 742 Constantii
2924 684 3185 741 admissa
3214 685 3414 741 fuisse.
3466 685 3701 756 Nequa-

2049 798 2228 855 quam
2260 778 2415 835 enim
2448 778 2519 832 ob
2550 776 2691 832 talia
2722 780 2887 847 gesta
2918 779 3221 843 metueret,
3279 774 3326 829 si
3349 776 3560 845 jussus
3604 774 3705 829 illa

2050 869 2285 941 egisset.
2319 867 2579 937 Namque
2610 864 2707 919 ille
2735 881 2842 919 nos
2873 880 2933 919 se
2982 864 3263 918 adeuntes
3311 868 3704 936 rogantesque

3575 374 3703 434 7.94

2054 957 2200 1014 nulli
2234 961 2300 1011 ut
2328 956 2441 1009 vim
2468 955 2724 1020 inferret,
2748 970 2890 1007 neve
2915 957 3080 1025 gesta
3102 953 3545 1025 negaret,jussit
3577 970 3704 1018 nos,

2053 1047 2188 1103 licet
2208 1044 2588 1108 Christianos,
2622 1042 2848 1097 concidi
2882 1042 3174 1097 fustibus:
3211 1059 3279 1096 ea
3308 1059 3367 1097 re
3405 1041 3708 1098 declarans

2056 1141 2410 1193 nocturnum
2442 1132 2660 1188 bellum
2684 1136 2885 1186 contra
2910 1129 3228 1187 Ecclesiam
3251 1138 3481 1203 gestum
3506 1132 3708 1189 fuisse.

2058 1228 2424 1297 Quapropter
2451 1222 2572 1277 hzec
2596 1222 2722 1292 jam
2755 1222 2965 1275 iterum
2996 1226 3412 1288 contestamur,
3465 1222 3711 1293 quibus-

2058 1316 2194 1371 dam
2228 1331 2296 1369 ex
2328 1311 2493 1367 nobis
2527 1312 2598 1366 ad
2630 1311 2964 1382 piissimum
3010 1312 3342 1383 Augustum
3392 1312 3713 1383 profiscisci

2054 1406 2179 1477 jam
2197 1401 2671 1476 parantibus.Adj
2684 1417 2845 1454 uram
2857 1416 2923 1454 us
2937 1404 3130 1455 autem
3146 1417 3246 1471 per
3257 1400 3717 1473 omnipotentem

2077 1500 2256 1549 Deum
2287 1509 2391 1564 pro
2420 1490 2607 1547 salute
2636 1489 2888 1560 piissimi
2918 1490 3163 1561 Augusti
3193 1489 3535 1556 Constantii,
3570 1506 3718 1562 pra-

2079 1584 2291 1639 fectum
2324 1579 2552 1652 [Egypti
2592 1577 2934 1645 Maximum,
2994 1582 3051 1632 et
3097 1577 3377 1649 curiosos,
3429 1583 3494 1633 ut
3522 1580 3721 1635 omnia

2077 1670 2320 1743 Augusti
2345 1667 2542 1741 pietati
2566 1672 2624 1722 et
2645 1665 3108 1722 clarissimorum
3132 1668 3529 1737 praefectorum
3561 1671 3722 1739 pote-

2081 1759 2216 1816 stati
2248 1760 2518 1813 referant.
2552 1755 2907 1826 Adjuramus
2931 1755 3067 1810 item
3102 1755 3405 1811 naucleros
3437 1773 3638 1812 omnes
3662 1760 3724 1812 ut

2076 1848 2198 1904 haec
2221 1848 2438 1918 ubique
2460 1845 2879 1912 renuntient,et
2900 1844 2971 1899 ad
2994 1861 3166 1899 aures
3197 1844 3449 1916 piissimi
3476 1845 3727 1917 Augusti

2080 1938 2430 2001 referant,ad
2451 1935 2749 2007 praefectos
2776 1934 2948 1988 etiam
2973 1937 3029 1988 et
3050 1933 3121 1987 ad
3144 1950 3350 1989 omnes
3373 1952 3474 2006 per
3494 1935 3730 2008 singula

2078 2027 2203 2082 loca
2226 2025 2476 2097 judices,
2509 2029 2573 2079 ut
2596 2022 2812 2078 bellum
2843 2022 3121 2077 adversus
3180 2022 3466 2078 Ecclesias
3497 2030 3727 2096 gestum

2081 2118 2444 2186 compertum
2474 2113 2573 2178 sit,
2608 2128 2895 2182 nemoque
2925 2111 3170 2180 ignoret,
3228 2111 3592 2183 temporibus
3620 2115 3731 2169 Au-

2083 2204 2236 2277 gusti
2256 2201 2943 2273 Constantii,Syrianum,
2962 2199 3215 2271 virgines
3233 2198 3493 2272 aliosque
3514 2200 3733 2257 multos

2085 2293 2344 2349 eﬂ‘ecisse
2372 2295 2677 2364 martyres.
2694 2289 3070 2344 Illucescente
3091 2305 3346 2359 namque
3368 2290 3573 2361 quinto
3594 2290 3733 2347 ldus

2086 2380 2378 2437 Februarii
2414 2381 2526 2447 die,
2563 2380 2620 2433 id
2653 2383 2741 2433 est
2770 2378 2992 2432 decimo
3024 2382 3229 2448 quarto
3254 2378 3473 2433 mensis
3496 2378 3733 2447 Mechir,

2089 2472 2259 2527 nobis
2290 2471 2348 2524 in
2381 2470 2617 2541 Cyriaco
2646 2467 2873 2540 vigilias
2904 2467 3235 2538 agentibus,
3267 2472 3323 2521 et
3362 2466 3608 2523 orationi
3638 2485 3736 2524 va-

2090 2560 2361 2616 cantibus
2392 2558 2650 2631 (synaxis
2681 2556 2836 2612 enim
2865 2557 2958 2610 die
2990 2572 3329 2627 parasceves
3355 2556 3551 2612 futura
3571 2557 3737 2628 erat),

2091 2650 2245 2705 circa
2268 2648 2522 2704 mediam
2553 2655 2779 2701 noctem
2813 2646 3123 2716 derepente
3152 2644 3213 2699 in
3245 2661 3351 2700 nos
3382 2651 3439 2700 et
3468 2646 3526 2700 in
3558 2645 3738 2701 eccle-

2093 2739 2242 2795 siam
2268 2736 2483 2809 irrupit
2505 2733 3411 2808 praeclarissimusduxSyrianus
3431 2750 3565 2788 cum
3588 2733 3742 2790 mul-

2091 2828 2170 2883 tis
2198 2826 2527 2899 legionibus
2556 2823 2833 2889 militum,
2866 2823 3067 2892 armis,
3099 2822 3318 2877 strictis
3346 2822 3579 2895 gladiis.
3608 2823 3743 2879 telis

2096 2916 2397 2991 galeisque
2437 2917 2879 2970 instructorum.
2940 2912 3121 2967 Nobis
3169 2916 3364 2967 autem
3411 2913 3736 2981 orantibus,

2096 3010 2443 3079 peractaque
2460 3003 2726 3067 lectione,
2749 3002 2851 3072 jan
2864 3018 2966 3057 uas
2986 3001 3070 3057 illi
3092 3002 3443 3074 confregere.
3472 3001 3743 3058 Foribus-

2097 3112 2212 3166 que
2241 3095 2293 3149 vi
2323 3092 2722 3148 multitudinis
2751 3090 3075 3163 patefactis,
3099 3091 3415 3161 ejusjussu
3438 3090 3535 3145 alii
3567 3091 3749 3163 sagit-

2095 3188 2185 3237 tas
2208 3182 2492 3247 emittere,
2527 3180 2624 3234 alii
2658 3178 2930 3234 bellicum
2962 3177 3235 3245 clamare,
3270 3177 3407 3233 hinc
3447 3195 3748 3234 armorum

332 3267 441 3351 των
474 3267 646 3363 ὅπλα,
670 3290 761 3346 καὶ
801 3290 925 3368 ξίφη
962 3267 1168 3364 γυμνὰ,
1192 3288 1282 3342 καὶ
1319 3267 1489 3362 βέλη,
1510 3285 1600 3340 καὶ
1634 3281 1777 3338 ἄλλα
1822 3267 1976 3336 πολε-

2099 3271 2382 3343 strepitus
2402 3270 2870 3332 insonare,enses
2902 3268 2971 3323 ad
3000 3269 3342 3339 lampadum
3374 3267 3749 3339 splendorem

341 3384 474 3458 μικὰ
530 3381 734 3453 σκεύη,
777 3380 869 3435 καὶ
916 3380 1012 3439 τὰς
1059 3374 1482 3455 περικεφαλαίας
1535 3374 1622 3429 ἐπὶ
1664 3377 1773 3427 τῶν
1820 3392 1989 3448 κεφα-

339 3472 599 3529 λῶν.Καὶ
650 3468 871 3540 άληθῶς
918 3466 1230 3543 εὐχομένων
1280 3467 1441 3537 ἡμῶν
1494 3464 1585 3517 καὶ
1633 3461 1990 3537 ἀναγνώσεως

339 3562 658 3639 γινομένης,
706 3560 803 3620 τὰς
856 3557 948 3631 μὲν
999 3555 1161 3626 θύρας
1204 3554 1458 3625 κατέαξαν
1488 3572 1500 3584 ·
1554 3552 1629 3612 ὡς
1679 3548 1736 3605 δὲ
1776 3554 1844 3623 τῇ
1902 3548 1992 3623 βίᾳ

338 3637 435 3705 τοῦ
492 3647 739 3720 πλήθους
794 3648 1122 3722 ὴνεῷγεισαν
1180 3644 1235 3697 αί
1292 3642 1488 3719 θύραι,
1547 3639 1792 3695 ἐκέλευσε
1829 3658 1842 3670 ⁸
1900 3637 1989 3691 καὶ

341 3741 394 3794 οἱ
430 3739 523 3813 μὲν
557 3736 817 3811 ἐτόξευον,
846 3736 897 3789 οἱ
944 3732 1003 3788 δὲ
1032 3731 1333 3803 ἠλάλαζον,
1384 3731 1474 3785 καὶ
1503 3729 1707 3791 κτύπος
1747 3727 1990 3804 ἐγίγνετο

338 3832 446 3885 τῶν
480 3827 692 3900 ὅπλων,
723 3826 812 3880 καὶ
851 3825 918 3880 τὰ
966 3823 1092 3901 ξίφη
1142 3819 1488 3894 ἀντέλαμπον
1531 3824 1610 3891 τῷ
1653 3818 1711 3873 ἐκ
1756 3822 1862 3871 τῶν
1897 3814 1993 3871 λύ-

340 3939 487 3996 χνων
544 3915 664 3974 ωτί.
706 3914 807 3970 Καὶ
856 3912 1049 3969 λοιπὸν
1099 3912 1166 3965 τὰ
1218 3910 1277 3965 ἐκ
1321 3909 1551 3982 τούτων,
1592 3906 1847 3984 παρθένοι
1898 3906 1990 3961 άν-

339 4012 592 4083 ῃροῦντο,
639 4005 729 4060 καὶ
789 3999 995 4058 πολλοὶ
1042 4004 1467 4072 κατεπατοῦντο,
1519 3998 1609 4053 καὶ
1667 3996 1988 4051 συνέπιπτον

344 4094 643 4168 ἀλλήλοις,
678 4092 1063 4169 ἐπερχομένων
1094 4095 1200 4145 τῶν
1248 4092 1614 4161 στρατιωτῶν,
1662 4086 1751 4140 καὶ
1804 4082 1992 4160 ἄνδρες

341 4184 689 4258 τοξευόμενοι
748 4182 1099 4237 ἐθανατουντο
1135 4175 1315 4233 ’ἔνιοι
1374 4176 1430 4233 δὲ
1482 4180 1589 4230 τῶν
1649 4178 1991 4251 στρατιωτῶν

342 4276 435 4330 καὶ
508 4273 595 4329 ἐπὶ
670 4274 733 4328 τὸ
812 4268 1123 4347 διαρπάζειν
1203 4267 1489 4344 ἐτρέποντο
1539 4311 1555 4337 ,
1620 4264 1709 4319 καὶ
1784 4263 1994 4339 γυμνὰς

338 4361 509 4419 ἴστων
574 4364 650 4436 (3)
702 4360 799 4421 τὰς
853 4358 1181 4432 παρθένους,
1241 4356 1403 4411 ὁπότε
1459 4350 1628 4433 φόϐος
1685 4354 1751 4423 ἦν
1811 4353 1997 4415 αὐταῖς

349 4454 549 4529 μείζων
608 4454 705 4505 τοῦ
760 4449 1014 4520 θανάτου,
1065 4450 1128 4501 τὸ
1185 4446 1280 4500 κᾶν
1332 4444 1481 4507 ὅλως
1534 4442 1789 4498 ἅπτεσθαί
1846 4463 1997 4504 τινας

346 4545 544 4598 αὐτῶν.
590 4540 689 4595 Καὶ
733 4540 762 4593 6
810 4538 902 4612 μὲν
960 4534 1258 4596 ἐπίσκοπος
1308 4533 1539 4604 ἐκάθητο
1586 4532 1673 4588 ἐπὶ
1717 4536 1814 4586 τοῦ
1870 4534 1993 4603 θρο-

2100 3360 2368 3417 emicare.
2401 3363 2537 3413 Post
2556 3357 2675 3413 haec
2693 3356 2945 3428 virgines
2967 3356 3191 3422 occisa,
3226 3355 3394 3411 multi
3425 3356 3751 3412 conculcati

2100 3447 2427 3513 confertim,
2461 3445 2924 3517 irrumpentibus
2957 3444 3267 3513 militibus,
3311 3462 3599 3513 corruere,
3644 3445 3753 3500 viri

2102 3537 2332 3611 sagittis
2363 3535 2616 3592 confossi
2648 3535 2889 3590 cadere:
2926 3533 3188 3589 nonnulli
3240 3551 3308 3589 ex
3356 3534 3648 3591 militibus
3679 3534 3754 3590 ad

2102 3627 2356 3699 prazdam
2369 3624 2803 3695 versi,virgines
2816 3623 3355 3695 nudarunt,quibus
3367 3623 3457 3679 vel
3474 3624 3754 3679 minimus

2103 3716 2348 3771 aliorum
2382 3719 2680 3770 contactus
2710 3712 2839 3784 ipsa
2870 3715 3055 3767 morte
3085 3711 3350 3767 acerbior
3398 3716 3544 3768 erat.
3578 3713 3754 3769 Porro

2102 3806 2413 3877 episcopus
2442 3804 2502 3857 in
2533 3802 2745 3857 throno
2767 3806 2907 3856 tunc
2930 3801 3159 3868 sedens,
3186 3817 3388 3857 omnes
3414 3802 3756 3857 cohortaba-

2100 3900 2198 3950 tur
2227 3895 2297 3948 ad
2330 3893 2638 3949 orandum.
2685 3892 2807 3946 Dux
2838 3894 3035 3945 autem
3065 3906 3275 3962 agmen
3307 3891 3515 3963 agebat
3545 3891 3756 3949 comite

2103 3984 2213 4040 sibi
2243 3983 2457 4038 Hilario
2481 3981 2727 4049 notario,
2761 3979 2861 4051 qui
2892 3979 2993 4035 illa
3022 3980 3473 4035 machinabatur
3502 3998 3631 4052 quae
3665 3995 3753 4036 re-

2105 4090 2235 4128 rum
2268 4072 2457 4126 exitus
2488 4070 2819 4125 declaravit.
2842 4069 3165 4141 Episcopus
3190 4086 3443 4141 namque
3466 4074 3753 4143 raptatus,

2103 4168 2334 4218 tantum
2353 4178 2469 4215 non
2482 4160 2811 4229 discerptus
2831 4164 2939 4215 est.
2965 4159 3027 4213 In
3051 4175 3330 4231 magnum
3352 4158 3552 4230 itaque
3573 4158 3756 4214 animi

2105 4252 2427 4323 deliquium
2499 4249 2722 4321 lapsus,
2774 4265 2838 4303 ac
2888 4250 3004 4304 fere
3061 4250 3405 4314 exstinctus,
3459 4248 3755 4304 nescimus

2106 4358 2388 4414 quorsum
2422 4357 2483 4395 se
2514 4338 2748 4395 illorum
2798 4336 2981 4393 oculis
3023 4338 3401 4393 subduxerit:
3452 4353 3587 4392 nam
3620 4353 3756 4393 eum

2104 4431 2431 4487 interficere
2460 4429 2785 4485 tentabant.
2820 4427 3040 4483 Deinde
3070 4427 3169 4483 ubi
3201 4444 3379 4483 caesos
3430 4426 3757 4498 permultos

2106 4517 3096 4593 conspexerc,militibusjusserunt
3116 4521 3180 4571 ut
3203 4517 3612 4572 defunctorum
3637 4532 3759 4572 cor-

343 4654 462 4703 νου,
492 4630 811 4708 προτρέπων
857 4627 1059 4687 πάντας
1114 4620 1383 4701 εὔχεσθαι·
1413 4624 1441 4677 ὁ
1492 4620 1549 4677 δὲ
1600 4618 1722 4693 δοὺξ
1773 4619 1976 4695 ἐστρατ-

2106 4628 2246 4685 pora
2268 4609 2649 4666 amolirentur
2669 4604 3571 4677 occultarentque.Sanctissimae
3584 4621 3756 4678 porro

342 4724 491 4796 ἡγει,
539 4714 683 4796 ἔχων
743 4718 858 4789 μεθ’
906 4716 1099 4771 ἑαυτοῦ
1148 4716 1225 4787 (4)
1274 4712 1364 4766 καὶ
1408 4708 1639 4785 Ἰλάριον
1685 4710 1775 4764 τὸν
1832 4711 1990 4765 νοτάο

345 4830 482 4885 ριον,
526 4793 818 4883 ἐνεργοῦτα
856 4807 1102 4873 τοιαῦτα,
1157 4802 1246 4856 οἷα
1295 4800 1386 4855 καὶ
1440 4800 1502 4854 τὸ
1554 4796 1715 4860 τέλος
1775 4793 1990 4868 ἔδειξεν.

341 4901 401 4957 '0
434 4899 530 4973 μὲν
582 4898 685 4973 γὰρ
741 4893 1057 4965 ἐπίσκοπος,
1116 4889 1433 4964 ἑλκόμενος,
1482 4890 1608 4963 παρ’
1658 4886 1849 4962 ὀλίγον
1911 4885 1990 4941 δι-

345 4988 607 5056 εσπάσθη.
658 4982 994 5059 Παραλυθεὶς
1034 4985 1165 5055 γοῦν
1219 4979 1498 5053 μεγάλως,
1542 4978 1631 5031 καὶ
1687 4977 1761 5038 ὡς
1804 4977 1993 5051 νεκρὸς

343 5077 664 5155 γενόμενος,
722 5073 822 5129 οὐκ
880 5069 1102 5145 οἷ’ὃαμεν
1164 5074 1269 5125 ποῦ
1325 5068 1543 5142 γέγονεν
1603 5067 1811 5144 ἀφανὴς
1866 5065 1993 5140 παρ’

345 5152 522 5225 αὐτῶν
558 5186 571 5199 ’
606 5166 919 5220 ἀποκτεῖναι
950 5162 1055 5237 γὰρ
1104 5159 1263 5215 αὐτὸν
1310 5154 1659 5225 ἐσπούδαζον.
1694 5156 1758 5209 Oi
1807 5152 1885 5225 δὲ,
1918 5153 1995 5217 ὡς

417 5386 495 5457 (2)
525 5384 618 5457 Sic
652 5383 794 5457 Reg.
828 5378 1005 5457 Basil.
1039 5381 1097 5434 et
1129 5377 1318 5457 Felck.
1432 5376 1495 5457 In
1527 5367 1995 5457 editish-lrollt'ztodq

345 5440 716 5523 dses'tJQuod
738 5440 1020 5523 sequitur
1050 5454 1245 5523 autem
1267 5445 1391 5523 spe
1423 5446 1594 5523 πέντε-
1639 5440 1793 5523 53.863»;
1817 5444 1992 5523 _(Reg.

346 5521 506 5603 ἷβῲν)
537 5514 1203 5603 φευρουαρ-ίωνΝθῑιηίυε
1255 5514 1442 5603 vertit,
1496 5520 1685 5603 quiin?
1716 5514 1996 5603 ‘Kalendds

340 5588 688 5670 Februarias,
722 5588 834 5670 sed
847 5588 1152 5670 perperam
1178 5609 1197 5670 ξ
1208 5608 1374 5670 nam,
1407 5588 1552 5646 teste
1581 5588 1995 5670 Eelclgmanno,

344 5672 405 5729 in
454 5660 687 5728 Graacis'
710 5660 1031 5733 codicibus,
1065 5734 1072 5736 _
1101 5663 1316 5736 quibus
1363 5679 1509 5718 usus
1575 5660 1838 5736 Nannius
1886 5663 1993 5728 est,

344 5741 550 5807 eadem
577 5757 707 5818 qua
736 5756 917 5816 supra
944 5731 1415 5806 laeuo—habetur,
1449 5738 1515 5791 ut
1543 5731 1818 5793 similiter
1846 5746 1996 5803 pau-

2100 4702 2358 4773 virgines
2389 4715 2516 4772 quae
2549 4701 2788 4752 mortuae
2811 4693 3020 4749 relicta:
3064 4696 3217 4751 312
3263 4695 3511 4763 fuerant,
3545 4694 3605 4749 in
3639 4711 3758 4751 mo-

2103 4790 2401 4845 numentis
2422 4786 2662 4859 sepultas
2686 4788 2842 4854 sunt,
2861 4800 2987 4838 eam
3007 4783 3252 4855 gloriam
3274 4785 3588 4855 adeptm,ut
3610 4783 3756 4856 ipsis

2103 4879 2355 4953 piissimi
2404 4874 2724 4933 Constantii
2770 4873 3137 4944 temporibus
3190 4878 3474 4943 martyres
3516 4872 3751 4929 fuerint.

2103 4970 2343 5025 Diaconi
2378 4973 2573 5023 autem
2604 4968 2662 5021 in
2710 4968 2837 5039 ipso
2887 4965 3122 5037 Cyriaco
3171 4961 3358 5034 plagis
3408 4963 3648 5028 concisi,
3689 4977 3755 5019 ac

2104 5060 2363 5116 conclusi
2385 5063 2542 5114 sunt.
2568 5058 2765 5129 Neque
2786 5063 2980 5112 tamen
3004 5054 3099 5109 hic
3150 5052 3409 5108 constitit
3438 5067 3642 5107 eorum
3668 5051 3755 5110 fa-

2104 5150 2274 5205 cinus
2299 5192 2312 5219 ,
2335 5166 2470 5204 nam
2495 5157 2622 5221 post
2644 5164 2711 5204 ea
2731 5151 2896 5220 gesta
2915 5145 3109 5217 quivis
3131 5142 3415 5199 arbitratu
3438 5156 3752 5213 suo,quam

2103 5365 2548 5446 lo‘infra._Ibi_d..
2578 5364 2805 5446 Reg._et
2830 5360 3005 5415 Basil.
3041 5356 3228 5446 μεχίρ·
3262 5356 3403 5412 editi
3457 5370 3754 5446 vesanus-L-

2105 5437 2487 5563 ἕξεί.ῗέἱὶεηί
2534 5426 2779 5507 irruptio
2826 5426 3152 5489 enarratur'
3179 5426 3314 5485 item
3363 5443 3495 5501 pag.
3540 5426 3649 5481 246
3694 5431 3753 5485 et

2105 5528 2544 5653 “(agitas
2578 5576 2841 5653 gressu,
2873 5574 3043 5653 Editi,
3079 5572 3274 5644 ἓστων,

2176 5646 2250 5729 (In)
2283 5654 2377 5710 Sic
2409 5646 2547 5726 Reg.
2578 5649 2755 5719 Editi,
2785 5646 2967 5703 αὑτοῦ.
