4132 6478
381 430 501 493 795

905 430 973 491 S.
1016 427 1449 491 ATHANASII
1493 427 1667 491 OPP.
1716 426 1922 488 PARS
1966 425 2016 487 Ι.
2065 461 2143 472 -
2187 424 2604 490 HISTORICA
2653 423 2756 487 ET
2798 421 3287 490 DOGMATIGA.

3688 413 3808 483 796

382 563 841 638 possetjanuam
863 561 1287 635 confringebat,
1321 566 1385 618 ut
1414 561 1758 635 aperiret,ac
1788 577 1916 632 quae
1941 559 2029 614 in-

2153 556 2286 614 εἷδον
2335 556 2584 619 πολλοὺς
2614 555 3020 628 ἀποθανόντας,
3064 556 3425 631 προσέταττον
3474 555 3593 616 τοῖς
3648 572 3811 627 στρα-

380 657 478 710 tus
508 657 675 709 erant
704 655 1168 724 perscrutaretur
1213 655 1391 724 atque
1442 650 1755 722 diriperet:
1808 649 1927 705 imo
1968 651 2041 706 ad

380 757 451 798 ea
481 756 669 813 usque
689 740 817 796 loca
837 743 1239 812 penetrarunl,
1273 757 1388 812 quo
1419 757 1492 794 ne
1533 738 1885 795 Christianis
1910 738 2042 810 qui-

380 832 514 888 dem
537 829 812 886 omnibus
837 829 1012 886 liceat
1031 829 1277 901 ingredi.
1306 831 1433 885 Haec
1457 829 1616 884 novit
1661 828 1785 899 ipse
1817 828 1935 882 dux
1959 827 2039 881 ci-

377 920 573 976 vitatis
605 919 957 992 Gorgonius,
989 919 1091 990 qui
1129 917 1249 974 illic
1272 919 1492 974 aderat.
1541 918 1706 974 Certe
1738 917 1895 972 haud
1918 916 2042 971 leve

377 1008 664 1065 indicium
695 1007 838 1063 illud
863 1012 952 1063 est
974 1006 1207 1064 hostilis
1238 1007 1531 1079 ejusmodi
1556 1007 1850 1073 incursus,
1884 1006 2040 1076 quod

380 1115 567 1164 arma,
600 1096 733 1166 tela,
767 1113 1055 1170 ensesque
1088 1113 1290 1153 eorum
1323 1096 1424 1168 qui
1456 1096 1812 1168 irruperant,
1845 1094 1904 1149 in
1936 1094 2041 1166 Cy-

379 1187 536 1243 riaco
551 1185 758 1242 relicta
811 1185 966 1242 sint:
1000 1185 1325 1242 etiamnum
1352 1184 1509 1240 enim
1541 1183 1601 1240 in
1633 1181 1879 1239 ecclesia
1909 1199 2040 1238 sus-

375 1291 560 1349 pensa
589 1278 748 1340 sunt,
783 1278 848 1330 ut
877 1291 949 1330 ne
977 1274 1036 1330 id
1069 1273 1155 1329 illi
1204 1273 1434 1330 inﬁcias
1463 1273 1548 1330 ire
1591 1271 1841 1328 valeant.
1892 1271 2040 1327 Nam

376 1380 526 1438 saepe
545 1365 833 1421 exercitus
857 1363 1208 1436 Dynamium
1263 1367 1440 1435 atque
1489 1363 1700 1418 ducem
1747 1360 1910 1416 misit
1939 1361 2040 1432 qui

376 1470 443 1509 ea
459 1453 790 1509 auferrent:
825 1453 982 1525 quod
1005 1453 1271 1509 nondum
1295 1451 1721 1518 concessimus,
1746 1451 1928 1507 donec
1949 1466 2043 1506 res

375 1542 650 1598 omnibus
681 1543 759 1598 sit
782 1542 1101 1615 explorata.
1137 1542 1196 1598 Si
1225 1541 1425 1613 itaque
1456 1541 1715 1597 edictum
1760 1539 1904 1595 illud
1941 1539 2038 1609 sit,

376 1636 441 1687 ut
470 1649 577 1687 nos
597 1631 1064 1703 persecutionem
1081 1629 1593 1702 patiamur,parati
1609 1645 1819 1686 sumus
1836 1643 2042 1684 omnes

375 1721 446 1776 ad
483 1720 830 1790 martyrium
862 1721 1239 1776 subeundum
1270 1737 1282 1774 :
1319 1719 1410 1775 sin
1445 1719 1553 1776 hoc
1584 1718 1832 1790 Augusti
1864 1716 2040 1790 placi-

373 1813 501 1864 tum
525 1826 640 1865 non
667 1809 766 1876 sit,
796 1825 1074 1881 rogamus
1093 1807 1320 1880 Egypti
1335 1808 1670 1880 praefectum
1694 1808 2038 1874 Maximum,

376 1898 881 1971 magistratusque
907 1902 1207 1964 omnes,ut
1230 1913 1361 1952 eum
1386 1899 1878 1968 deprecentur,ne
1899 1895 2039 1951 talia

372 1987 434 2042 in
462 1991 764 2059 posterum
785 1986 870 2040 illi
893 1986 1330 2060 aggrediantur.
1356 1990 1650 2058 Rogamus
1670 1987 1806 2041 item
1826 1989 1891 2040 ut
1918 1985 2040 2039 hazc

375 2080 576 2132 nostra
597 2075 950 2148 supplicatio
969 2075 1248 2130 offeratur
1267 2075 1354 2129 illi
1384 2091 1396 2129 :
1424 2079 1491 2129 ut
1521 2091 1592 2130 ne
1607 2073 1828 2130 scilicet
1857 2074 2038 2130 alium

372 2165 714 2238 episcopum
737 2165 852 2220 huc
877 2165 1175 2220 intrudere
1209 2169 1524 2220 conentur:
1559 2165 1631 2218 ad
1661 2180 1863 2220 necem
1880 2163 2038 2218 enim

375 2271 564 2325 usque
629 2254 970 2310 obstitimus
1033 2254 1106 2308 ob
1157 2252 1515 2308 desiderium
1566 2252 2038 2308 reverendissimi

373 2343 702 2411 Athanasii,
735 2359 910 2416 quem
937 2343 1008 2398 ab
1039 2342 1206 2399 initio
1240 2343 1410 2398 nobis
1442 2349 1596 2398 Deus
1631 2343 1792 2398 dedit
1821 2358 2037 2398 secun-

375 2433 978 2492 dumsuccessionem
1012 2433 1248 2487 Patrum
1281 2436 1618 2488 nostrorum
1649 2448 1661 2487 :
1705 2446 1880 2502 quem
1913 2429 2039 2500 ipse

374 2523 679 2596 piissimus
729 2520 1106 2577 Constantius
1152 2539 1287 2576 cum
1333 2519 1546 2577 litteris
1591 2524 1649 2576 et
1681 2519 2038 2592 juramentis

372 2613 487 2667 huc
518 2611 868 2668 transmisit.
901 2611 1222 2682 Speramus
1257 2609 1414 2665 enim
1464 2610 1514 2665 si
1564 2609 1621 2664 id
1671 2611 1800 2680 ejus
1833 2609 2036 2682 pietati

374 2700 618 2757 allatum
654 2699 845 2770 fuerit,
896 2717 989 2755 res
1037 2717 1173 2755 eum
1222 2704 1421 2772 gestas
1469 2697 1710 2771 indigne
1755 2697 2036 2766 laturum,

375 2789 643 2861 nihilque
675 2791 877 2844 contra
896 2789 1239 2859 juramenta
1267 2787 1695 2855 admissurum,
1715 2788 1814 2842 sed
1840 2790 2041 2858 jussu-

376 2895 510 2934 rum
535 2878 843 2934 nobiscum
873 2881 941 2933 ut
971 2881 1207 2933 maneat
1237 2879 1547 2949 episcopus
1571 2880 1769 2932 noster
1790 2876 2041 2931 Athana-

375 2967 521 3024 sius.
557 2965 914 3022 Consulibus
965 2969 1099 3038 post
1146 2965 1520 3022 consulatum
1572 2964 2039 3020 clarissimorum

375 3055 771 3112 Arbaethionis
791 3060 848 3112 et
867 3051 1110 3111 Colliani
1130 3055 1530 3128 designandis,
1566 3052 1787 3111 Mechir
1817 3054 2039 3127 l7,quae

378 3151 470 3203 est
498 3145 686 3218 pridie
703 3145 842 3201 Idus
862 3144 1182 3200 Februarii.

2150 649 2373 710 τιώταις
2429 648 2603 726 ἀφανῆ
2653 647 2722 701 τὰ
2770 647 3000 720 σώματα
3041 651 3372 715 καταστῆσαι
3399 647 3510 700 τῶν
3552 640 3810 698 τετελευ-

2148 736 2394 806 τηκότων
2432 781 2444 794 .
2507 737 2576 791 Αἱ
2635 733 2693 790 δὲ
2761 733 3199 813 καταλειφθεῖσαν.
3258 733 3443 810 νεκραὶ
3508 732 3812 808 ἀγιώταται

2149 827 2402 903 παρθένοι
2451 825 2719 904 ἐτάφησαν
2771 825 2821 880 ἐν
2867 829 2986 886 τοῖς
3045 825 3346 898 μνήμασιν,
3399 819 3624 899 ἔχουσαι
3676 819 3810 876 καύ-

2151 934 2332 991 χημα,
2384 913 2467 968 ὅτι
2527 913 2578 969 ἐν
2635 919 2753 976 τοῖς
2809 918 3022 989 καιροῖς
3078 917 3177 967 τοῦ
3227 906 3607 968 εὐσεϐεστάτου
3659 917 3811 965 Κων-

2151 1003 2398 1059 σταντίου
2457 1002 2712 1078 γεγόνασι
2775 1003 3064 1077 μάρτυρες.
3125 1003 3374 1057 Διάκονοι
3433 999 3492 1056 δὲ
3549 998 3600 1055 έν
3661 998 3810 1072 αὖτῷ

2150 1097 2228 1164 τῷ
2257 1097 2510 1169 Κυριακῷ
2536 1091 2932 1146 κατεκόπτοντο
2962 1088 3230 1166 πληγαῖς,
3277 1090 3368 1145 καὶ
3409 1087 3809 1148 συνεκλείοντο.

2155 1181 2265 1237 Οὐκ
2293 1180 2424 1258 ἅχρὶ
2457 1179 2513 1236 δὲ
2541 1180 2747 1236 τούτων
2798 1177 2924 1252 ἔστη
2980 1182 3056 1255 (5)
3095 1181 3158 1235 τὸ
3207 1186 3438 1258 πρᾶγμα
3465 1197 3478 1211 ⁸
3509 1176 3657 1233 ἀλλᾶ
3702 1179 3808 1254 γὰρ

2154 1272 2287 1344 μετᾶ
2313 1273 2376 1326 τὸ
2404 1276 2572 1326 ταῦτα
2602 1271 2867 1346 γενέσθαι,
2903 1271 2930 1324 ὁ
2966 1267 3306 1344 βουλόμενος
3338 1266 3534 1323 λοιπὸν
3569 1264 3637 1337 ἤν
3668 1263 3809 1337 ἠδύ-

2150 1380 2276 1414 νατο
2317 1359 2478 1435 θύραν
2528 1359 2834 1415 κατεάσσων
2884 1356 3097 1433 ἤνοιγε,
3147 1359 3238 1413 καὶ
3287 1355 3510 1434 ἠρεύνα,
3558 1355 3650 1411 καὶ
3698 1354 3807 1432 ἥρ-

2149 1453 2286 1518 παζε
2312 1450 2381 1503 τὰ
2410 1446 2583 1503 ἔνδον·
2614 1448 2705 1503 καὶ
2747 1447 2823 1510 εἰς
2871 1445 3154 1509 τοιούτους
3202 1446 3408 1508 τόπους
3457 1446 3809 1522 εἰσήρχοντο,

2180 1535 2198 1592 ἰ
2290 1535 2311 1553 η
2413 1536 2433 1572 ,9
2452 1534 2493 1554 ’ΝΚ
2595 1543 2620 1552 η-
2796 1541 2816 1551 ν
3189 1539 3212 1551 υ
3293 1530 3320 1555 ,θ
3732 1538 3758 1549 υ

2152 1558 2175 1591 ε
2203 1558 2228 1599 ς
2258 1557 2352 1598 ους
2381 1547 2504 1591 oues
2550 1557 2681 1591 πασι
2727 1557 2846 1597 τοις
2895 1541 3241 1610 Χριστιανοις
3293 1534 3490 1605 εξεστιν
3524 1533 3810 1593 εἷσελθειν.

2150 1623 2274 1682 Οἵδε
2302 1630 2470 1682 ταῦτα
2495 1625 2584 1680 καὶ
2617 1627 2645 1680 ὁ
2685 1625 2990 1700 στρατηγὸς
3037 1630 3141 1694 τῆς
3189 1621 3405 1686 πόλεως
3459 1622 3756 1700 Γοργόνιος
3789 1641 3808 1657 ·

2132 1715 2260 1788 Δἐκεῖ
2315 1715 2421 1789 γὰρ
2473 1715 2564 1784 ἦν.
2597 1713 2670 1770 Οὔ
2723 1713 2916 1788 μικρὸς
2963 1714 3066 1788 γὰρ
3119 1711 3350 1790 ἔλεγχος
3405 1719 3508 1782 τῆς
3545 1710 3811 1782 τοιαύτης

2147 1803 2464 1878 πολεμικῆς
2515 1800 2709 1882 ἐφόδου
2747 1804 2812 1858 τὸ
2859 1801 2910 1859 ἐν
2958 1806 3038 1875 τῷ
3083 1806 3336 1880 Κυριακῷ
3381 1799 3702 1856 καταλιπεῖν
3741 1800 3812 1855 τὰ

2148 1896 2294 1969 παρὰ
2330 1899 2438 1948 τῶν
2473 1891 2826 1948 εἰσελθόντων
2858 1889 3006 1947 ὅπλα
3048 1891 3140 1947 καὶ
3191 1890 3353 1966 βέλη,
3399 1891 3489 1945 καὶ
3521 1888 3671 1968 ξίφη·
3711 1889 3810 1964 μέ-

2151 2004 2250 2060 χρι
2280 1985 2383 2059 γὰρ
2414 1987 2506 2036 νῦν
2539 1973 2844 2058 ἐκρεμάσθη
2897 1981 2948 2036 ἐν
2988 1985 3058 2055 τῇ
3118 1977 3405 2052 ἐκκλησίᾳ,
3449 1977 3542 2034 ἵνα
3593 1980 3668 2051 μή
3727 1979 3806 2054 (6)

2151 2073 2485 2150 ἀρνήσασθαι
2535 2069 2825 2142 δυνηθῶσι,
2879 2071 2979 2126 Καὶ
3038 2071 3144 2146 γὰρ
3201 2067 3478 2132 πολλάκις
3517 2065 3806 2123 ἀπέστειλε

2147 2163 2238 2216 τὸν
2267 2168 2369 2230 τῆς
2415 2161 2618 2232 τάξεως
2667 2162 2938 2234 Δυνάμιον
2987 2160 3079 2215 καὶ
3131 2160 3222 2215 τὸν
3256 2157 3584 2235 στρατηγὸν,
3629 2155 3807 2214 θέλων

2149 2249 2284 2306 αὐτά
2335 2250 2458 2326 ἆραι
2494 2271 2506 2283 ’
2539 2250 2630 2305 καὶ
2677 2251 2816 2312 τέως
2877 2250 2938 2305 οὐ
2998 2251 3482 2326 συνεχωρήσαμεν,
3539 2244 3812 2312 gannitu

2147 2341 2390 2415 γνωσθῇ.
2429 2339 2494 2394 Εἰ
2525 2340 2618 2413 μὲν
2652 2337 2743 2393 οὖν
2775 2339 3102 2414 πρόσταγμά
3146 2338 3257 2393 ἐστι
3305 2336 3592 2393 διώκεσθαι
3633 2339 3814 2412 ἡμᾶς,

2146 2427 2360 2502 ἕτοιμοι
2409 2431 2602 2491 πάντες
2659 2435 3046 2505 μαρτυρῆσαι·
3082 2428 3127 2482 εἷ
3178 2426 3236 2482 δὲ
3289 2429 3363 2500 μή
3415 2425 3528 2482 ἔστι
3567 2431 3664 2482 τοῦ
3696 2425 3810 2482 Αὖ-

2147 2518 2382 2594 γούστου
2411 2518 2760 2594 πρόσταγμα,
2814 2517 3064 2590 ἀξιοῦμεν
3121 2517 3212 2571 τὸν
3263 2514 3502 2592 ἔπαρχον
3553 2521 3656 2585 τῆς
3708 2515 3808 2570 Αἷ-

2148 2609 2357 2684 γύπτου
2389 2608 2664 2682 Μάξιμον,
2691 2607 2782 2662 καὶ
2828 2605 2958 2669 τοὺς
3005 2604 3331 2669 πολιτευτὰς
3377 2607 3603 2676 πάντας,
3645 2604 3807 2676 ἀξιῶ-

2151 2719 2237 2752 σαι
2267 2697 2425 2752 αὐτὸν
2473 2698 2668 2770 μηκέτι
2722 2700 2946 2751 τοιαῦτα
2996 2695 3366 2772 ἐπιχειρῆσαι.
3422 2695 3704 2767 Ἀξιοῢμεν
3747 2691 3807 2749 δὲ

2147 2787 2239 2841 καὶ
2291 2786 2492 2856 ταύτην
2540 2789 2702 2859 ἡμῶν
2754 2786 2855 2854 τὴν
2909 2781 3090 2854 δέησιν
3149 2785 3521 2861 ἀνενεχθῆναι⁸
3571 2781 3666 2839 ἵνα
3727 2783 3803 2856 μή

2150 2874 2320 2930 ἄλλον
2359 2877 2481 2929 τινὰ
2511 2873 2803 2930 ἐπίσκοπον
2842 2874 3268 2950 ἐπιχειρήσωσιν
3310 2873 3614 2949 εἰσαγαγεῖν
3649 2869 3757 2927 ὧδε
3788 2890 3804 2906 ⁸

2155 2965 2321 3040 μέχρι
2350 2965 2452 3038 γὰρ
2484 2967 2563 3035 (7)
2609 2965 2837 3018 θανάτου
2884 2963 3208 3038 ἑστήκαμεν,
3259 2961 3417 3018 αὐτὸν
3476 2962 3807 3035 ἐπιθυμοῦν-

2148 3075 2236 3116 τες
2285 3054 2376 3108 τὸν
2437 3050 2866 3126 αἰδεσιμώτατον
2923 3053 3261 3123 ’Δθανάσιον,
3321 3053 3379 3108 ’ὀν
3440 3051 3495 3114 ἐς
3553 3052 3735 3127 ἀρχῆς
3776 3052 3806 3107 ὁ

2151 3143 2281 3205 Θεὸς
2313 3145 2447 3216 ἡμῖν
2482 3139 2686 3197 δέδωκε
2722 3144 2860 3197 κατὰ
2892 3139 3160 3217 διαδοχήν
3189 3146 3298 3196 τῶν
3328 3141 3582 3217 Πατέρων
3615 3143 3804 3214 ἡμῶν.

377 3234 445 3324 δνὶ
464 3233 554 3288 καὶ
575 3233 767 3325 εαύτὲζς
823 3235 851 3288 ὁ
912 3227 1290 3325 εξσεϐέπατοὲ
1324 3229 1642 3322 Δίίγομστος
1690 3232 2069 3325 βωνστάντιος
2133 3233 2267 3325 μετά
2313 3232 2665 3321 ὶγραμμάτων
2721 3231 2811 3325 καὶ
2871 3231 3048 3325 ’ὀρκωχ
3107 3228 3408 3325 ἀξτέστειλε.
3470 3229 3804 3322 Ιξιστεύομεν

593 3304 601 3318 ¹
1059 3307 1072 3325 ι
1566 3309 1591 3319 ν
1689 3324 1694 3325 ,
1742 3324 1746 3325 ,
2005 3324 2010 3325 γ
2193 3321 2196 3325 .
2275 3324 2304 3325 κ
2382 3307 2466 3325 ᾲλν
2549 3323 2602 3325 ,l-
2650 3323 2708 3325 μη
2790 3323 2862 3325 λ.Α
3167 3303 3186 3325 \
3259 3303 3397 3325 _U-i‘.
3431 3321 3480 3325 -A
3547 3324 3552 3325 γ
3613 3303 3804 3325 ι-----.,

385 3307 510 3394 γὰρ,
571 3304 817 3394 ὅτικέἂξνὶ
868 3305 1007 3394 μάθῃ

1133 3299 1377 3390 εὐσέϐεια
1419 3299 1617 3390 ἀύτοῦ,
1644 3304 2040 3390 ’ἀγανακτήσει
2096 3299 2196 3378 μὲν·
2227 3299 2495 3390 Λέπὶ;’το’ἴς
2545 3299 3083 3390 γενομένοινε,ὀύδὶν
3136 3300 3194 3358 δὲ
3251 3303 3399 3376 παρά
3428 3299 3806 3390 τοὺςὶὸρκους

381 3373 598 3448 ποιήσει
634 3373 832 3448 ’άλλὰ
870 3373 1178 3430 καὶ’πάλιν
1222 3374 1464 3448 κελεύσει
1514 3377 1606 3430 τὸν
1641 3373 1932 3448 ἐπίσκοπον
1965 3373 2126 3448 ἡμῶν
2161 3373 2485 3448 Ἀθανάσίον
2539 3373 2714 3448 μένειν
2779 3374 2893 3448 μέθ’
2939 3377 3122 3448 ἡμῶν.
3175 3379 3300 3448 Τοῖς
3332 3373 3487 3446 μετά
3532 3373 3804 3448 τῆν’ὑςπατ

380 3441 524 3535 τείαν
561 3441 1006 3536 ς’Δρᾷαιθῖίξιξθοςᾷ
1026 3448 1118 3536 καὶ
1177 3445 1588 3536 Κολλιανοξὶβ)
1619 3453 1725 3502 τῶν
1770 3441 2172 3523 λαμπροτάτων
2236 3441 2800 3522 ἀποδειχθησομένας
2862 3441 3112 3519 ὑπάτὸις,
3149 3441 3456 3521 Μεχὶρίζ,
3514 3441 3632 3514 ἣτις
3691 3443 3804 3499 ἐστὶ

377 3525 448 3596 τῇ
478 3520 584 3595 πρὸ
619 3513 746 3592 μίιάς
779 3515 935 3573 εἰδῶν
972 3513 1392 3594 Φευϐρουαρίων
1431 3513 1528 3592 (9)ξ

450 3608 732 3682 (Epistola
757 3627 926 3681 porro
950 3610 1220 3682 superius
1244 3609 1459 3682 scripta
1489 3609 1558 3663 ad
1579 3625 1784 3665 omnes
1818 3609 2038 3681 ubique

2221 3609 2305 3681 (Ἠ
2368 3607 2462 3680 μὲν
2537 3606 3003 3682 προγεγραμμένη
3081 3606 3220 3682 πρὸς
3292 3603 3421 3668 τοὺς
3487 3605 3807 3681 ἅπανταχοῦ

380 3698 700 3756 monachos
727 3697 944 3754 desinit
974 3699 1046 3753 ad
1078 3715 1146 3754 ea
1175 3715 1304 3770 quae
1330 3697 1694 3753 Alexandriae
1717 3703 1881 3770 gesta
1897 3703 2037 3754 sunt

379 3789 440 3845 in
471 3787 836 3844 ordinatione
867 3787 1099 3861 Georgii
1125 3789 1488 3860 Cappadocis
1520 3787 1740 3855 Ariani,
1773 3788 1912 3843 olim
1966 3788 2032 3842 fi-

381 3893 616 3934 scorum
643 3877 982 3950 exceptoris.
1001 3876 1264 3949 Sequens
1285 3880 1479 3932 autem
1502 3875 1771 3948 epistola,
1794 3893 1921 3948 quae
1942 3892 2037 3932 res

379 3967 441 4022 in
472 3965 712 4038 synodis
732 3965 980 4021 Arimini
1001 3970 1058 4021 et
1077 3965 1352 4022 Seleuciae
1375 3965 1432 4020 in
1456 3965 1822 4038 Cappadocia
1842 3969 2039 4038 gestas

379 4059 634 4122 enarrat,
669 4055 1012 4127 praedictum
1043 4055 1354 4127 Georgium
1403 4055 1485 4111 ait
1538 4054 1812 4110 Seleuciae
1856 4055 2038 4112 fuisse

377 4145 744 4201 damnatum.
794 4149 999 4216 Itaque
1043 4143 1290 4216 epistola
1339 4145 1409 4199 ad
1469 4145 1787 4201 monachos
1817 4145 2038 4202 rectius

375 4233 536 4306 prior
556 4233 746 4308 posita
774 4238 883 4303 est,
915 4250 1042 4306 quae
1073 4238 1270 4290 tamen
1302 4233 1361 4288 in
1419 4233 1734 4306 exemplari
1779 4235 2040 4292 secunda

381 4323 678 4396 habetur.)

450 4593 526 4660 (5)
550 4590 645 4664 Sic
667 4590 806 4664 Reg.
831 4595 888 4664 et
904 4590 1040 4664 edit.
1061 4589 1282 4664 Comm.
1325 4591 1476 4647 Editi
1503 4590 1682 4664 Paris.
1703 4588 1875 4656 male,
1902 4587 2035 4664 ἐστί.

381 4667 510 4719 Mox
529 4663 666 4719 edit.
683 4659 1082 4736 Parcdﬁoold
1093 4679 1606 4736 pevoq,perper§.m.
1641 4663 1876 4736 Reg._et_
1896 4661 2034 4717 edit.

381 4737 542 4808 Com,
568 4739 742 4808 recte,
891 4729 1433 4808 βουλόμενος.”Μο’Χ
1478 4735 1643 4807 Reg,
1676 4729 1755 4802 ἢν
1775 4729 2034 4805 ῄδύνατο.

381 4799 534 4862 Editi
564 4805 629 4878 ᾕν
652 4799 948 4878 ᾗϐούλετό,

453 4827 534 4861 Im
588 4827 629 4869 ιν
652 4827 948 4878 ῃοουΛετο.

453 4878 530 4949 (6)
560 4827 699 4960 Reg.
733 4881 790 4960 et
821 4877 1122 4960 Basilicus.
1160 4873 1320 4960 μηδέ·
1355 4881 1483 4960 Μρξὶ
1513 4875 1652 4931 edit.
1677 4872 2032 4960 .Ijaris.“8‘ﬁ-

434 4947 532 5021 ιον,
567 4954 626 5004 et
649 4947 1169 5021 italegitNannius
1185 4949 1285 5021 qui
1302 4948 1493 5021 vertit,
1525 4948 1862 5021 carniﬁcem.
1877 4949 2032 5021 rEdit.

434 4969 532 5015 ιον,
567 4969 626 5004 BL
649 4969 732 5004 1L8.
747 4969 1165 5020 lBglElVannlllS
1185 4969 1285 5021 QUI
1302 4969 1493 5018 νΘΓῐιι,
1525 4969 1862 5018 carmrtcem.
1883 4969 2032 5004 ωαιι.

381 4969 557 5102 Sasil.
591 5025 648 5102 et
679 5021 818 5092 Reg.
869 5020 1160 5093 Δυνάμιον.
1214 5021 1347 5102 Erat
1393 5019 1718 5102 Dynamius
1762 5019 2036 5102 militaris

385 5092 732 5164 praefectus;
759 5107 888 5164 quis
917 5109 1024 5164 vox
1053 5096 1414 5148 memoratur
1440 5092 1579 5147 item
1619 5108 1800 5164 supra
1850 5109 1907 5162 n,
1939 5093 2032 5147 61.

455 5164 532 5308 (7)
564 5163 659 5219 Sic
690 5163 857 5289 Reg,
889 5163 993 5245 γάρ
1027 5164 1194 5220 deest
1224 5165 1282 5218 in
1315 5164 1506 5220 editis.

479 5235 534 5308 8)
565 5235 736 5308 Apud
817 5251 1145 5292 mmianum
1175 5233 1428 5292 Marcell.
1463 5234 1502 5290 l.

565 5235 736 5289 Anud
766 5235 955 5289 Ammi

456 5252 534 5308 (δ)
565 5252 736 5308 Αρυα
766 5252 927 5290 amm

384 5304 599 5381 legitur
617 5306 927 5365 Lollianus.

2151 3694 2427 3772 μοναχοὺς
2487 3693 2750 3764 ἐπιστολή
2807 3692 3035 3765 τελευτᾷ
3102 3693 3178 3756 εἷς
3233 3695 3301 3748 τὰ
3356 3695 3698 3770 γεγενημένα
3750 3693 3805 3750 ἐν

2149 3782 2528 3861 Ἀλεξανδρείᾳ
2578 3783 2664 3838 ἐπὶ
2713 3788 2781 3858 τῇ
2831 3783 3146 3860 χειροτονίᾳ
3192 3783 3469 3861 Γεωργίου
3517 3787 3614 3838 τοῦ
3660 3789 3804 3842 Καπ.

2146 3873 2385 3937 πάδοκος
2438 3874 2541 3927 ἀπὸ
2596 3869 2903 3928 ὁποδεκτῶν
2955 3875 3088 3948 (10),
3144 3877 3243 3928 τοῦ
3301 3873 3584 3949 ’Δρειανοῦ
3617 3894 3631 3908 ο
3663 3875 3699 3944 ἡ
3747 3870 3809 3928 8e

2149 3964 2271 4035 ἑξῆς
2324 3959 2610 4032 ἐπιστολὴ,
2656 3962 2780 4036 περὶ
2830 3967 2937 4018 τῶν
2993 3961 3044 4018 ἐν
3075 3967 3143 4037 τῇ
3193 3961 3465 4039 Ἀριμίνῳ
3497 3961 3672 4018 καὶέν
3706 3967 3806 4018 Σε-

2149 4052 2369 4124 λευκείᾳ
2397 4059 2498 4122 τῆς
2547 4051 2816 4128 Ἰσαυρίας
2863 4053 3243 4128 γεγενημένων
3294 4049 3530 4108 συνόδων
3584 4049 3810 4128 διηγου-

2153 4144 2312 4215 μένη,
2345 4142 2435 4196 τὸν
2470 4141 2874 4218 προειρημένον
2898 4142 3169 4217 Γεώργιον
3196 4139 3248 4196 ἐν
3277 4145 3346 4216 τῇ
3369 4139 3662 4212 Σελευκείᾳ
3691 4144 3806 4217 (11)

2146 4229 2480 4305 καθῃρῆσθαί
2535 4251 2718 4307 φησιν.
2778 4232 2938 4284 Ὥστε
2991 4227 3178 4292 καλῶς
3234 4231 3428 4307 πρώτη
3486 4232 3802 4302 τέτακταιή

2147 4321 2282 4396 πρὸς
2327 4319 2457 4381 τοὺς
2514 4317 2812 4394 μοναχοὺς,
2848 4319 2900 4375 ἐν
2947 4323 3028 4391 τῷ
3075 4319 3391 4396 ἀντιγράφω
3424 4316 3647 4395 δευτέρα
3690 4340 3805 4376 κει-

2155 4409 2340 4484 μένη)

2219 4590 2294 4662 (9)
2321 4589 2464 4673 Reg.
2495 4582 3065 4673 ἰδῶνλβεᾷρουαρεων.
3099 4589 3586 4673 Ναρηίρεφνίἀὶε
3610 4591 3807 4673 Καιρη-

2147 4663 2342 4717 darum
2371 4661 2688 4717 Februarii.
2721 4661 3072 4735 Videgpaulo
3104 4666 3258 4735 ante.
3291 4661 3427 4727 Quae
3475 4667 3809 4735 sequuntur

2151 4738 2346 4808 autem
2376 4738 2513 4808 sunt
2541 4733 2995 4808 amanuensium
3040 4733 3327 4808 scholion,
3350 4735 3538 4808 _quod
3558 4733 3629 4791 in
3660 4739 3803 4808 Reg.

2147 4807 2327 4862 ductu
2361 4805 2570 4861 calami
2602 4809 2908 4877 separatur
2953 4823 2988 4860 a
3017 4805 3508 4878 praecedentibus.

2218 4912 2333 4984 (40)
2360 4910 2499 4984 Ἀπὸ
2535 4907 2867 4984 ὑποδεκτῶν.
2899 4911 3044 4968 Vide
3101 4929 3282 4984 supra
3331 4927 3497 4970 num.
3527 4913 3620 4969 65.
3655 4912 3804 4972 Ibid.

2147 4982 2286 5057 Reg.
2313 4982 2367 5038 ἐν
2411 4983 2527 5059 Ἀρι
2539 4983 2707 5055 μένῳ.

2217 5091 2348 5166 (11)
2371 5093 2622 5166 Regius
2646 5092 2849 5158 codex,
2913 5089 3194 5162 ΣεΑευκὲᾳ.
3249 5091 3387 5149 Post
3440 5091 3805 5166 καθῃρῆσθαι,

2145 5163 2286 5236 Reg.
2316 5163 2496 5220 Basil’.
2522 5163 2994 5240 μακρὴ-φησιν.
3026 5165 3166 5240 Quae
3223 5163 3803 5237 sequunturautem

817 5233 1145 5292 mmianum
1175 5233 1428 5292 Marcell.
1463 5234 1502 5290 l.
1534 5251 1626 5305 xv,
1661 5249 1709 5291 c.
1762 5235 1816 5306 8,
1852 5251 1907 5308 p.
1938 5235 2032 5305 95,
2143 5233 2276 5308 post
2305 5254 2488 5311 φησιν,
2520 5236 2581 5292 in
2613 5234 2736 5293 solo
2768 5233 2914 5310 Reg.
2948 5236 3258 5294 habentur.
